3688 5908
796 555 798 562 ,
887 486 1129 547 -114-

310 680 457 743 totidem
481 679 556 742 fere
580 682 661 742 sunt
686 677 835 757 exarati,
865 676 988 740 decem
1017 681 1098 739 sunt
1125 675 1244 740 factae
1276 675 1464 740 editiones:
1496 675 1704 757 saepissime

308 787 422 852 codex
446 804 491 849 ex
516 786 627 849 altero
653 785 862 868 exscriptus
887 801 932 846 ex
957 783 1069 846 altero
1095 787 1275 847 correctus
1300 789 1370 846 est:
1404 783 1508 865 periit
1533 788 1606 848 tum
1633 786 1703 852 hoc

309 893 502 975 exemplar,
528 892 615 956 etsi
640 891 733 972 quod
758 891 1003 972 apographum
1036 895 1108 953 eius
1138 891 1331 953 exsistebat
1362 896 1397 953 et
1421 890 1523 954 huius
1548 897 1583 955 et
1607 892 1703 957 illius

311 1001 443 1065 codicis
474 999 644 1064 lectiones
668 997 869 1061 exhibebat.
917 996 1096 1059 Interdum
1125 997 1235 1060 etiam
1260 997 1400 1061 codices
1425 1016 1470 1061 ex
1494 998 1578 1079 ipsis
1603 1003 1702 1081 typo-

310 1107 488 1170 thetarum
506 1105 670 1187 operibus
687 1104 856 1186 exscripti
873 1109 963 1185 sunt,
981 1109 1019 1166 ut
1035 1103 1237 1168 Turicensis
1254 1123 1299 1168 ex
1316 1104 1469 1168 editione
1486 1105 1705 1170 Katharensi

308 1214 478 1297 (Venetiis
497 1217 595 1298 1416)
614 1253 654 1260 —
672 1213 715 1276 ct'.
734 1211 854 1292 Orelli,
871 1227 989 1293 progr.
1007 1229 1126 1292 gymn.
1145 1209 1261 1274 Turio.
1278 1216 1362 1277 1819
1379 1251 1423 1259 —
1439 1217 1474 1275 01
1491 1212 1703 1294 Kappianus

309 1340 355 1385 ex
379 1320 532 1384 editione
556 1319 691 1382 Lotteri
715 1317 882 1401 (Norimb.
903 1318 1018 1406 1509):
1044 1317 1138 1399 quod
1155 1317 1434 1382 Muellenhoffius
1450 1319 1486 1381 in
1504 1321 1703 1401 exemplari

308 1429 368 1490 illo
393 1427 596 1490 lllonacensi
621 1425 782 1505 Longolii
806 1425 897 1489 notis
922 1425 1082 1506 praedito
1108 1424 1373 1488 demonstravit.
1410 1425 1607 1508 ,Praeterea
1631 1427 1700 1490 viri

309 1535 403 1598 docti
427 1534 496 1596 illis
517 1533 733 1614 temporibus
751 1530 962 1596 correcturis
980 1531 1192 1596 coniecturis
1209 1531 1539 1612 interpolationibus
1556 1533 1699 1597 minime

311 1645 559 1722 pepercerunt,
583 1639 634 1703 ita
659 1645 696 1702 01
721 1639 928 1702 deterrimus
953 1639 1101 1720 quisque
1127 1638 1241 1702 codex
1263 1623 1333 1701 iam
1358 1639 1564 1720 0101101000,
1591 1658 1701 1721 equo

310 1747 420 1827 fluxit,
445 1747 587 1811 minime
612 1747 656 1810 sit
680 1746 811 1810 similis.
859 1745 917 1810 Sic
945 1745 1059 1810 codex
1087 1745 1349 1808 Arundelianus
1380 1763 1449 1808 non
1483 1747 1553 1809 iam
1587 1747 1703 1827 ipsam

308 1853 423 1918 Taciti
453 1851 691 1932 Germaniam,
724 1850 786 1916 sed
816 1851 1064 1932 paraphrasim
1096 1852 1170 1914 eius
1203 1851 1348 1914 arbitrio
1380 1852 1515 1916 librarii
1549 1855 1701 1934 pessime

310 1961 544 2042 depravatam
569 1959 713 2022 exhibet
736 1957 915 2040 (0110110,
942 1958 1066 2021 Archia
1087 1957 1150 2044 'fiir
1175 1958 1362 2043 Philolopr'e
1385 1959 1455 2022 aad
1480 1960 1700 2045 Paedopopr'lo

312 2073 396 2134 1853
421 2085 453 2148 0.
480 2072 544 2134 459
569 2071 675 2148 sqq.):
705 2083 787 2128 nam
817 2071 998 2129 crescente
1032 2065 1193 2129 codicum
1224 2083 1380 2144 numero,
1405 2065 1465 2146 qui
1495 2065 1587 2129 inter
1620 2085 1702 2148 000-

309 2174 486 2256 graphum
517 2171 788 2236 Henochianum
821 2175 856 2234 et
894 2172 1051 2252 singulos
1090 2171 1231 2235 codices
1270 2171 1462 2236 deteriores
1501 2173 1700 2254 intercedit,

236 2311 238 2314 ·
313 2281 441 2345 0100011
459 2280 565 2343 011001
582 2297 748 2342 00100100
766 2279 956 2343 lectionum
973 2278 1204 2359 singularium
1222 2284 1257 2342 01
1273 2279 1512 2342 inconstantia
1529 2279 1563 2342 10
1581 2280 1700 2344 100110-

312 2387 414 2450 nibus
439 2405 483 2450 ex
508 2404 576 2449 uno
602 2386 761 2448 alterove
787 2385 948 2449 codicum
977 2402 1107 2465 genere
1139 2384 1329 2464 eligendis:
1363 2404 1431 2466 quo
1462 2385 1564 2450 modo
1589 2387 1701 2468 expli-

311 2497 422 2573 catur,
441 2493 500 2574 qui
516 2492 591 2556 fieri
608 2491 772 2573 potuerit,
790 2496 828 2554 01
847 2491 981 2555 Holder
1002 2499 1037 2554 et
1058 2491 1293 2555 Baehrensius
1310 2492 1470 2557 codicem
1485 2493 1700 2557 Hummelia·

311 2619 396 2662 0010
420 2600 560 2662 omnino
586 2616 631 2662 ex
656 2598 863 2680 apographo
888 2598 1118 2662 Henoohiano
1148 2598 1303 2680 pendere
1327 2604 1503 2678 negarent
1526 2604 1561 2662 et
1584 2599 1702 2663 Mona-

312 2725 453 2772 censem
485 2709 520 2769 01
548 2705 857 2785 Stuttgartiensem
886 2705 975 2768 tanti
1009 2705 1248 2768 aestimarent.
1296 2704 1388 2770 Huic
1421 2706 1472 2769 rei
1507 2706 1701 2771 obscuriori

314 2813 572 2894 aliquantulum
593 2812 682 2875 lucis
704 2811 862 2874 attulisse
886 2830 942 2875 me
964 2829 1085 2893 spero;
1110 2811 1247 2875 etiamsi
1260 2813 1303 2874 in
1325 2813 1472 2893 singulis
1494 2813 1701 2892 erraverim,

314 2921 349 2983 in
373 2920 577 2982 universum
601 2922 720 2981 tamen
745 2919 978 2999 suspicionem
1001 2919 1099 2982 illam
1121 2918 1164 2981 de
1186 2918 1356 2999 singulari
1374 2918 1495 3001 aliqua
1511 2919 1702 2984 traditione

315 3025 530 3091 Germanica
553 3024 664 3088 libelli
688 3025 808 3105 nostri,
830 3044 922 3107 quae
943 3025 1024 3089 inde
1047 3044 1067 3088 a
1089 3024 1240 3090 Gruberi
1262 3025 1477 3107 temporibus
1491 3026 1565 3109 u(ed.
1584 3025 1702 3092 Germ.
1817 3013 1823 3026 ’

318 3138 415 3214 1832)
439 3149 503 3212 001
527 3131 726 3212 complures
750 3132 921 3195 editiones
944 3133 1115 3211 manavit,
1140 3132 1269 3195 falsam
1292 3151 1369 3196 esse
1398 3133 1585 3213 constabit,
1619 3133 1704 3215 quia

314 3256 434 3303 omnes
466 3237 517 3300 illi
550 3237 691 3302 codices
724 3238 783 3319 qui
816 3244 991 3302 vocantur
1024 3237 1237 3318 Germanioi,
1266 3237 1544 3318 HummelianuS,
1574 3239 1703 3302 Vindo-

312 3344 492 3424 bonensis,
531 3344 764 3424 Monacensis,
804 3344 1086 3424 Stuttgartiensis
1126 3363 1190 3426 per
1229 3346 1356 3408 seriem
1395 3346 1555 3410 codicum
1596 3346 1704 3409 inter-

311 3451 512 3517 cedentium
529 3452 608 3532 plus
620 3452 782 3515 10100010
795 3451 990 3532 longiorem
1004 3451 1160 3532 pendent
1173 3470 1217 3515 ex
1231 3451 1438 3533 apographo
1454 3451 1702 3517 Henochiano:

311 3577 422 3640 quare
452 3557 497 3620 ad
528 3557 783 3622 restituendum
813 3564 947 3621 textum
977 3559 1105 3621 nullius
1135 3564 1215 3621 sunt
1240 3558 1401 3622 utilitatis
1425 3565 1460 3622 01
1483 3559 1702 3623 redeundum

311 3669 365 3730 est
399 3664 445 3728 ad
478 3664 619 3729 codices
652 3665 731 3728 illos
763 3665 934 3746 imprimis
964 3683 986 3728 a
1014 3664 1180 3729 Michaeli
1209 3671 1306 3728 recte
1336 3666 1539 3729 aestimatos
1567 3664 1700 3731 ABOD.

312 3771 471 3852 Quorum
506 3771 573 3834 duo
607 3771 669 3835 illa
702 3763 835 3850 genera
858 3771 918 3834 AB
947 3776 982 3834 et
1006 3770 1065 3835 CD
1095 3772 1145 3834 ita
1173 3771 1264 3835 inter
1293 3790 1331 3835 00
1360 3772 1500 3836 differre
1533 3778 1628 3853 puto,
1665 3777 1703 3834 ut
1758 3815 1761 3823 ·

313 3878 469 3943 eiusdem
497 3878 572 3941 sere
601 3877 705 3958 pretii
735 3877 897 3958 quamvis
925 3878 1004 3957 sint,
1029 3878 1088 3940 AB
1113 3887 1232 3940 tamen
1256 3878 1335 3959 plus
1359 3878 1701 3960 interpolationibus,

313 3983 374 4050 OD
398 3985 477 4065 plus
502 3985 712 4065 corruptelis
736 3984 908 4047 laborent.
943 3983 1063 4064 Quare
1085 3985 1236 4048 alterum
1257 3985 1382 4048 horum
1403 4003 1574 4066 generum
1600 3983 1704 4049 alteri

311 4093 347 4154 in
365 4091 569 4154 universum
587 4090 760 4171 praeferri
776 4108 879 4171 00000
896 4109 964 4154 000
982 4096 1077 4172 0010,
1095 4091 1157 4155 sed
1170 4110 1245 4155 rem
1257 4093 1372 4173 potius
1386 4093 1436 4155 ita
1448 4092 1703 4156 instituendam

314 4217 400 4279 esse,
426 4203 463 4261 01
487 4199 633 4279 singulis
657 4198 744 4261 locis
768 4197 995 4263 iudicandum
1020 4199 1073 4278 sit,
1099 4208 1180 4262 utra
1204 4199 1309 4263 lectio
1333 4200 1378 4262 sit
1402 4199 1560 4262 melior.1

401 4322 458 4387 Sic
491 4323 560 4386 iam
595 4321 641 4384 ad
673 4323 846 4386 rationem
880 4323 1042 4387 codicum
1076 4323 1289 4387 deteriorum
1322 4324 1560 4405 pervenimus
1594 4323 1654 4404 qui
1683 4340 1703 4385 e

314 4447 444 4510 genere
468 4429 499 4492 Y
524 4429 683 4510 plerique
708 4430 831 4510 exorti,
856 4429 891 4491 id
916 4435 968 4493 est
998 4449 1042 4493 ex
1072 4429 1267 4511 archetypo
1297 4431 1458 4494 codicum
1483 4429 1554 4514 OD,
1584 4436 1704 4492 tamen

313 4537 476 4600 meliores
500 4536 670 4599 lectiones
693 4537 752 4600 101
777 4555 796 4599 0
820 4537 929 4618 stirpe
953 4535 986 4598 X
1012 4541 1234 4617 receperunt.

405 4717 635 4777 1Baehrensius
668 4726 698 4777 01
731 4719 863 4778 Scheuer
890 4720 920 4777 in
948 4720 1155 4779 dissertatione
1184 4738 1237 4778 sua
1266 4721 1460 4796 archetypum
1490 4719 1624 4778 codicum
1652 4718 1703 4778 ul)

312 4806 442 4882 (Y—:m
477 4825 528 4882 pro
556 4808 766 4883 praestantiore
800 4809 975 4882 habuerunt,
1007 4810 1056 4867 hic
1083 4809 1240 4885 Dialogum
1272 4829 1388 4886 quoque
1421 4809 1452 4867 in
1481 4807 1703 4885 inquisitionem

314 4914 429 4969 vocans,
462 4914 520 4972 quo
552 4901 627 4955 teste
661 4897 704 4954 uti
736 4915 794 4955 non
826 4897 915 4972 potui,
944 4897 1012 4973 quia
1041 4904 1157 4972 praeter
1180 4898 1435 4957 Vindobonensern
1462 4915 1520 4956 000
1548 4902 1645 4956 exstat
1674 4896 1704 4954 in

317 4984 465 5044 codicibus
489 4985 604 5044 nostris.
