3688 5908
19 1134 21 1264 l

18 1295 20 1428 l

20 2976 21 2993 ,
108 2912 228 2993 nequit,
252 2922 287 2977 ut
308 2914 492 2994 exemplar
517 2913 731 2995 descriptum
758 2914 996 2994 compluribus
1020 2913 1117 2993 locis,
1144 2913 1202 2975 ubi
1227 2913 1479 2993 interpolatum
1604 2905 1606 2912 ⁴

682 508 901 569 ..71-

308 695 395 778 Cap,
515 696 545 759 V
570 703 756 779 corruptus
939 698 973 762 H
996 699 1300 782 (lectio'vulgata)

352 822 443 886 Vim
515 835 567 886 act
583 831 675 904 paleae
941 835 993 887 aut
1014 831 1111 905 paleae

347 929 397 994 XI
427 938 445 994 3
512 942 740 1012 proetroctentur
871 930 876 938 ’
935 943 1147 1012 pertractentur

307 1036 394 1099 XIX
427 1045 445 1101 3
509 1045 671 1119 peniteret
934 1046 1049 1120 pariter
1071 1065 1104 1103 oe

308 1143 397 1207 XXI
425 1152 443 1208 3
514 1151 607 1208 luitur
628 1151 716 1208 etiarn
941 1152 1034 1210 luitur
1056 1154 1136 1210 caim
1159 1154 1247 1210 ettam

270 1250 443 1316 XXIX3
514 1259 585 1316 otta
602 1259 734 1334 pqtalas
940 1260 1091 1337 quondam
1108 1260 1240 1334 populas

234 1358 446 1426 XXXIHto
514 1383 547 1422 oo
569 1371 639 1422 certe
939 1371 1062 1424 atcerte

520 1520 552 1582 V
575 1520 817 1601 interpolatus

330 1647 395 1710 VII
426 1654 444 1710 6
513 1671 604 1726 aeque
626 1651 769 1709 verberare
940 1671 976 1709 ne
998 1652 1141 1710 uerberare

239 1753 444 1818 XXXVIS
512 1759 590 1834 fossi
940 1759 1002 1834 fosi

204 1859 442 1925 XXXVIII11
513 1867 557 1924 ret
580 1867 672 1941 ltpont
938 1866 1101 1940 religant&

180 2053 234 2118 Ex
260 2057 314 2120 his
338 2075 429 2138 quae
451 2058 553 2121 attuli
574 2059 746 2140 exemplis
766 2059 852 2122 satis
873 2057 1153 2138 mihi‘apparere
1174 2057 1312 2120 ridetur
1329 2056 1364 2119 id
1387 2056 1482 2137 quod

103 2159 164 2222 iam
187 2181 267 2226 sum
290 2164 608 2248 demonstraturus:
635 2183 849 2247 quamquam
875 2166 966 2228 inter
991 2183 1028 2227 se
1050 2163 1215 2226 simillimi
1236 2170 1318 2225 sunt
1339 2162 1481 2227 codices

104 2264 177 2330 Hei
193 2269 234 2350 V,
262 2275 378 2334 tamen
403 2290 519 2353 neque
543 2272 575 2336 H
599 2291 618 2336 e
635 2271 666 2333 V
683 2271 801 2353 neque
814 2272 844 2333 V
861 2291 880 2335 e
897 2272 929 2334 H
954 2271 1126 2351 originem
1151 2271 1259 2333 duxit.
1292 2270 1382 2333 Nam
1400 2289 1481 2334 cum

105 2371 141 2434 de
163 2376 342 2442 codicibus
367 2379 599 2442 deterioribus
624 2384 659 2442 et
683 2379 962 2460 interpolatis-
985 2378 1078 2459 quod
1095 2377 1257 2441 hocloco
1278 2376 1352 2440 fieri
1376 2395 1480 2440 nemo

105 2483 239 2560 negabit
263 2527 302 2534 —
331 2487 513 2566 quaeritur
538 2496 614 2550 uter
635 2487 747 2548 utrius
771 2486 878 2549 fuerit
902 2485 1144 2565 archetypum,
1170 2502 1314 2547 necesse
1339 2488 1393 2546 est
1417 2483 1481 2546 hos

106 2587 236 2654 codices
268 2592 390 2655 iisdem
423 2611 562 2674 semper
589 2594 675 2658 loeis
704 2592 1033 2674 interpolationibus
1066 2592 1240 2670 laborare,
1270 2594 1332 2653 aut
1364 2608 1481 2652 exem-

107 2693 175 2771 plar
206 2698 419 2780 descriptum
446 2701 506 2763 vel
537 2701 641 2782 plura
668 2701 820 2780 vestigia
852 2699 1088 2762 emendatoris
1127 2699 1305 2761 temerarii
1346 2698 1481 2761 habere

107 2799 142 2862 iis
168 2805 305 2884 quidem
333 2807 431 2886 locis,
456 2807 582 2887 quibus
613 2808 789 2887 integrum
819 2812 872 2870 est
903 2806 1151 2886 archetypum:
1183 2806 1254 2869 hoc·
1280 2806 1372 2868 enim
1404 2805 1481 2868 fieri

20 3100 21 3103 Ἴ
108 3025 152 3076 est
189 3023 434 3102 archetypum,
473 3022 664 3100 genuinam
705 3021 873 3084 exhibeat
912 3020 1111 3085 lectionem.
1166 3020 1290 3100 ltaque
1330 3020 1359 3082 si
1393 3019 1481 3081 duos

109 3118 263 3191 hahemus
294 3128 445 3210 codices,
479 3129 538 3209 qui
568 3128 619 3192 ita
650 3129 742 3191 inter
773 3147 811 3191 se
843 3127 1017 3206 differunt,
1048 3133 1085 3190 ut
1114 3127 1225 3190 altero
1249 3128 1328 3190 loco
1353 3127 1412 3191 hic
1436 3128 1481 3199 sit

108 3226 335 3316 interpolatus
367 3235 428 3298 ille
459 3235 606 3316 integer,
640 3237 752 3298 altero
777 3254 864 3298 vero
893 3235 951 3298 hio
974 3235 1122 3314 integer,
1148 3235 1207 3296 ille
1231 3234 1477 3314 interpolatae,

110 3342 294 3416 negandum
323 3346 376 3405 est
405 3343 556 3405 alterum
588 3362 633 3406 ex
664 3344 777 3406 altero
810 3342 1042 3421 descendisse,
1075 3348 1111 3404 et
1141 3341 1175 3404 id
1209 3342 1322 3405 solum
1355 3359 1479 3404 conce-

19 3462 21 3485 1
109 3439 254 3528 dandum,
280 3467 350 3527 ece,
375 3449 546 3530 siquidem
572 3451 658 3513 nihil
690 3450 786 3513 aliud
818 3452 942 3531 obstet,
972 3450 1031 3512 uni
1060 3449 1245 3529 eidemque
1274 3447 1479 3511 tribuendos

110 3563 175 3612 esse
206 3557 408 3638 archetypo,
441 3575 509 3638 quo
538 3558 573 3619 in
599 3557 831 3621 describendo
852 3579 967 3639 panea
991 3557 1190 3619 meliuscula
1211 3557 1327 3640 facere
1359 3554 1478 3618 conati

19 3663 21 3727 ¹,
109 3653 168 3718 sint
190 3661 329 3743 librarii,
356 3669 462 3744 atque
488 3670 525 3726 ut
548 3665 596 3743 fit,
622 3665 712 3728 alter
737 3665 814 3745 hoc,
840 3666 930 3728 alter
954 3664 1013 3727 illo
1037 3664 1126 3736 loco.

187 3785 296 3869 Atque
321 3788 350 3850 si
374 3789 445 3850 iam
470 3788 712 3852 demonstrare
735 3789 924 3869 studemus,
946 3788 1125 3852 codicibus
1142 3787 1175 3849 H
1192 3791 1227 3849 et
1244 3785 1274 3847 V
1291 3803 1478 3850 commune

20 3886 21 3889 ’
111 3891 267 3964 quoddam
286 3895 393 3958 tuisse
408 3895 651 3976 archetypum,
666 3896 929 3976 comparandae
946 3896 1046 3958 nobis
1059 3901 1162 3957 erunt
1175 3911 1295 3956 omnes
1309 3892 1479 3954 lectiones

20 4085 21 4090 γ
111 3993 253 4063 codicum
282 4001 314 4063 H
344 4007 379 4064 et
402 4002 447 4065 V:
473 4002 579 4065 etiam
603 4003 672 4066 hac
698 4003 731 4064 in
756 4021 794 4065 re
824 4020 1014 4083 numquam
1040 4020 1058 4064 e
1083 4000 1221 4064 silentio
1251 3999 1312 4062 sed
1337 3999 1479 4061 omnino

112 4098 167 4163 nisi
197 4106 341 4171 duorum
375 4107 534 4173 codicum
573 4109 771 4172 testimonio
805 4109 878 4171 nixi
913 4109 1156 4173 conclusiones
1190 4126 1259 4169 non
1294 4107 1476 4170 faciemus.

111 4201 198 4284 Quod
218 4233 296 4278 cum
317 4215 476 4295 facimus,
499 4234 619 4278 earum
643 4235 782 4298 quoque
803 4216 1003 4294 lectionum,
1022 4232 1109 4295 quas
1126 4233 1171 4277 ex
1189 4219 1337 4294 utroque
1354 4214 1479 4278 codice

112 4315 196 4381 nobis
218 4327 453 4385 servaverunt
476 4323 543 4385 viri
569 4322 673 4399 docti,
702 4323 894 4385 nonnullae
928 4329 1009 4385 sunt
1039 4321 1294 4385 removendae:
1328 4338 1478 4401 quarum

110 4414 138 4479 in
160 4441 296 4492 numero
321 4428 491 4509 imprimis
515 4435 596 4493 sunt
619 4430 740 4493 sordes
769 4428 1076 4509 orthographicae.
1123 4427 1213 4490 Nam
1245 4428 1337 4508 quod
1369 4445 1480 4507 supra

112 4533 222 4613 monui,
252 4553 366 4616 neque
399 4536 514 4600 codici
541 4537 574 4599 H
602 4550 717 4617 neque
751 4536 865 4600 codici
888 4535 920 4597 V
944 4535 1234 4615 orthographiam
1259 4553 1335 4597 esse
1360 4538 1479 4597 certas

19 4639 22 4679 ³
112 4629 192 4715 leges
215 4649 428 4724 sequentem,
454 4662 494 4706 eo
520 4645 567 4715 fit,
594 4649 632 4706 ut
656 4644 797 4724 saepius
821 4644 856 4705 in
881 4642 1145 4722 orthographia,
1168 4642 1331 4721 quamvis
1352 4641 1479 4705 eadem

111 4737 172 4808 fere
194 4751 328 4830 utrique
354 4751 468 4814 codici
492 4751 546 4831 sit,
571 4751 773 4831 discrepent
797 4751 948 4833 codices,
971 4770 1084 4833 neque
1106 4750 1222 4813 evinci
1244 4751 1363 4830 possit,
1382 4749 1479 4830 quid-

114 4867 303 4886 N*

21 4928 22 4941 ¹
113 5009 117 5019 Ι
175 4932 206 5006 ·*)
228 4934 358 4993 Accedat
385 4935 444 4993 hnc
472 4934 618 5009 glossema
645 4934 729 5007 illud,
759 4935 838 5010 quod
866 4953 928 5010 cap.
952 4934 1098 4992 XLIH14
1126 4933 1157 4990 in
1179 4938 1292 4991 textum
1316 4932 1426 4991 codicis
1451 4931 1479 4987 V

20 5041 21 5045 ¹
111 5021 224 5094 erepsit:
248 5027 274 5105 q*
297 5023 341 5081 rel
362 5023 445 5081 altos.
