3682 5912
622 1568 991 1718 Praefatio.

199 2017 228 2080 E
245 2035 313 2097 quo
331 2021 489 2098 ternpore
506 2024 669 2080 renatum
686 2023 739 2080 est
756 2018 954 2081 litterarum
972 2016 1191 2082 Graecarum
1208 2025 1244 2082 et
1256 2018 1495 2083 Romanarum

111 2125 279 2204 studium,
314 2125 448 2187 nullum
483 2124 558 2187 fere
590 2124 725 2206 antiqui
756 2124 888 2205 ingenii
921 2129 1184 2188 monumentum
1216 2126 1305 2189 adeo
1337 2127 1497 2191 exercuit

110 2232 268 2294 virorum
294 2231 476 2295 doctorum
500 2231 636 2294 animos
661 2249 767 2313 quam
792 2250 919 2295 aureus
944 2232 1002 2295 ille
1027 2233 1166 2295 libellus
1188 2251 1292 2314 quem
1313 2232 1497 2298 Cornelius

110 2337 255 2402 Tacitus
279 2337 489 2418 conscripsit
513 2336 556 2400 de
577 2338 645 2400 situ
667 2356 710 2400 ac
731 2339 870 2419 populis
891 2337 1157 2403 Germanorum.
1191 2338 1382 2404 Confestim
1403 2341 1496 2404 enim

10 2501 12 2506 .
110 2449 194 2524 tum,
220 2462 300 2508 curn
321 2443 468 2507 Henoch
490 2444 688 2507 Asculanus
710 2443 807 2508 circa
831 2462 962 2507 annum
976 2439 1067 2510 '1457
1091 2447 1337 2528 apographum
1358 2466 1460 2511 suum
1478 2466 1496 2511 e

110 2551 232 2616 codice
258 2551 411 2633 quodam
441 2550 474 2612 in
505 2551 718 2614 monasterio
748 2551 866 2633 aliquo
892 2550 1104 2615 Germaniae
1133 2553 1266 2617 latente
1295 2555 1495 2618 confectum

109 2658 143 2720 in
162 2658 303 2720 Italiam
320 2658 455 2720 rettulit
464 2662 484 2738 1,
504 2657 662 2739 arripere
679 2658 774 2723 hunc
790 2659 949 2723 codicem
966 2660 1011 2748 ab
1025 2658 1185 2723 Henochi
1201 2679 1308 2724 manu
1326 2661 1495 2742 scripturn

109 2783 260 2846 eumque
285 2765 487 2829 exscribere
512 2771 706 2846 coeperunt
731 2765 799 2828 viri
824 2767 936 2830 docti:
962 2785 980 2829 e
1006 2784 1154 2847 quorum
1175 2767 1391 2849 apographis
1414 2769 1498 2832 novi

110 2873 177 2934 orti
207 2877 288 2936 sunt
319 2873 469 2952 codiceS,
502 2891 617 2954 neque
649 2875 758 2936 multo
787 2879 866 2954 post
894 2873 1029 2955 primae
1060 2881 1302 2955 apparuerunt
1325 2874 1497 2939 editiones

109 2983 203 3063 typis
223 2999 424 3063 expressae,
447 2981 497 3044 ita
518 2987 556 3043 ut
577 2981 689 3044 multa
710 2981 810 3044 nobis
826 2985 968 3062 praesto
985 2981 1054 3044 sint
1070 2982 1227 3045 subsidia
1243 2983 1289 3045 ad
1306 2985 1495 3047 verborum

109 3093 315 3154 contextum
340 3089 635 3153 constituendum.

197 3196 303 3260 Brevi
328 3201 444 3260 autem
470 3196 722 3259 intellexerunt
746 3196 813 3258 viri
838 3197 941 3276 docti,
967 3215 1037 3259 non
1062 3215 1182 3260 omnes
1207 3196 1347 3262 codices
1372 3197 1496 3260 eodem

107 3303 211 3366 modo
225 3304 302 3366 usui
315 3321 391 3366 esse
410 3304 445 3365 in
463 3307 562 3366 textu
579 3302 805 3384 restituendo,
824 3321 973 3385 cumque
991 3305 1081 3368 alter
1098 3323 1143 3367 ex
1160 3305 1271 3368 altero
1288 3303 1496 3385 profluxerit

107 3411 349 3492 quaerendum
380 3429 471 3492 esse,
505 3411 610 3491 quale
642 3411 686 3473 sit
718 3415 867 3474 stemma
896 3410 1022 3473 horum
1058 3411 1219 3476 codicum
1250 3410 1494 3475 Taciteorum:

106 3536 187 3583 curn
212 3518 306 3581 enim
330 3518 359 3580 is
383 3517 505 3598 codex,
532 3517 590 3599 qui
613 3535 719 3598 quam
740 3518 900 3598 proxime
921 3517 1069 3581 distaret
1089 3519 1134 3580 ab
1159 3517 1364 3598 archetypo,
1387 3518 1495 3581 etiam

107 3642 213 3706 quarn
229 3624 387 3706 proxime
404 3624 450 3688 ad
466 3625 677 3705 scripturam
692 3625 801 3705 ipsius
815 3623 968 3689 auctoris
981 3624 1179 3704 accederet,
1194 3624 1312 3704 magni
1326 3624 1494 3688 momenti

109 3737 196 3813 erat,
221 3750 351 3796 nexum
381 3731 541 3797 codicum
568 3731 794 3796 Taciteorum
822 3732 1009 3794 illustrare.
1058 3731 1121 3796 Oui
1148 3732 1324 3795 stemmati
1355 3749 1494 3812 compo-

109 3839 224 3902 nendo
248 3839 419 3920 imprimis
443 3857 590 3920 operam
614 3838 787 3902 dederunt
810 3838 1062 3903 Reifferscheid
1090 3839 1138 3921 (in
1167 3838 1311 3902 edendis
1337 3838 1494 3902 Suetonii

76 3959 81 3969 ’
107 3946 264 4027 reliquiis
285 3964 318 4027 p.
341 3951 402 4011 411
426 3964 501 4028 sqq.
528 3951 563 4010 et
587 3947 620 4008 in
646 3947 808 4026 symbola
831 3946 1090 4027 philologorum
1113 3946 1349 4009 Bonnensium
1366 3964 1398 4026 p.
1418 3949 1495 4027 623)

106 4057 142 4116 et
173 4052 355 4117 Michaelis
389 4053 437 4135 (in
468 4053 689 4134 praefatione
721 4053 864 4116 editioni
898 4053 1028 4132 dialogi
1053 4051 1188 4116 Tacitei
1220 4053 1263 4115 de
1294 4052 1493 4115 oratoribus

106 4159 246 4241 Lipsiae
283 4178 375 4222 anno
414 4166 497 4227 1868
533 4160 758 4241 praemissa):
795 4178 840 4222 ex
875 4160 916 4222 iis
953 4177 1044 4240 quae
1082 4166 1321 4241 exposuerunt
1356 4159 1392 4221 hi
1424 4158 1493 4220 viri

18 4311 20 4316 -
107 4267 202 4330 docti
241 4271 401 4348 apparot,
439 4267 506 4329 duo
540 4285 617 4330 esse
650 4285 784 4347 genera
815 4285 936 4329 eorum
968 4266 1139 4348 codicum,
1173 4267 1232 4348 qui
1265 4265 1494 4331 Germaniam

107 4373 207 4436 nobis
239 4385 489 4453 servaverunt,
524 4379 711 4455 utrumque
745 4392 789 4436 ex
822 4374 1028 4456 apographo
1060 4373 1291 4438 Henochiano
1322 4374 1492 4454 pendens,

106 4480 251 4543 alterius
268 4481 408 4560 generis
424 4480 483 4563 (X)
500 4480 822 4562 praestantissimos
843 4499 920 4544 esse
944 4480 1085 4544 codices
1102 4470 1314 4546 Vaticanum
1334 4487 1418 4548 1862
1436 4481 1491 4562 (A)

106 4595 142 4650 et
163 4585 371 4650 Leidensem
387 4587 450 4670 (B),
476 4588 621 4651 alterius
638 4587 694 4671 (Y)
718 4587 974 4652 Farnesianum
998 4588 1073 4652 sive
1098 4588 1371 4670 Neapolitanum
1389 4587 1441 4671 (O)
1459 4593 1494 4651 et

106 4693 318 4756 Vaticanum
336 4699 418 4760 1518
433 4693 503 4781 (D);
522 4695 676 4776 reliquos
693 4695 834 4760 codices
850 4714 895 4758 ex
910 4695 964 4758 his
981 4714 1057 4759 osse
1075 4695 1271 4776 exscriptos
1288 4701 1323 4758 et
1340 4696 1491 4777 plerum-

106 4819 175 4881 que
207 4801 416 4881 corruptelis
453 4809 514 4865 aut
552 4803 778 4882 neglegentia
815 4808 876 4865 aut
910 4802 1111 4866 temeritate
1146 4802 1369 4866 librariorum
1407 4802 1492 4865 ortis

198 4983 208 5020 1
232 4984 327 5042 Aliter
349 4984 386 5042 de
409 4985 465 5042 hac
489 5002 520 5041 re
544 4983 655 5042 iudicat
679 4983 712 5042 G.
736 4984 826 5060 Voigt
855 4984 1101 5060 Wadatelehuup
1127 4985 1176 5042 des
1202 4983 1377 5042 chassischcc
1400 4983 1492 5041 Alter-

108 5073 226 5131 1111113Ι
249 5092 278 5149 p.
303 5075 364 5132 257
390 5078 448 5132 not.
471 5074 501 5131 4.
