3682 5912
670 533 891 592 „43-

77 722 264 804 discrepet
296 743 319 785 a
356 723 545 786 traditione
586 723 747 803 vulgata,
787 729 825 786 ut
862 741 925 786 nos
959 727 1080 803 cogat,
1114 722 1196 787 huic
1226 724 1340 787 codici
1370 725 1478 787 aliam

76 847 191 910 quam
218 830 363 910 reliquis
388 829 568 894 codicibus
593 830 766 909 originem
794 821 984 894 vindicare.

173 974 235 1038 Sic
252 975 323 1037 iam
338 974 580 1036 demonstrare
593 973 720 1054 studui,
735 974 886 1036 alterum
898 973 984 1036 illud
997 972 1204 1036 Baehrensii
1218 977 1476 1052 argumentum,

78 1081 178 1161 quod
206 1081 352 1162 protulit
376 1098 440 1161 pro
465 1080 600 1159 origine
626 1078 840 1143 Germanica
868 1085 903 1142 et
931 1080 1060 1160 insigni
1090 1079 1311 1160 praestantia
1345 1079 1477 1143 codicis

79 1186 337 1267 Hummeliani‚
363 1186 448 1249 nihil
474 1188 614 1260 valere;
641 1187 823 1250 videamus
848 1205 955 1266 nnnc,
981 1187 1135 1267 quidex
1159 1186 1271 1249 altero
1296 1192 1475 1267 sequatur,

82 1313 216 1375 nempe
232 1313 277 1358 ex
299 1313 352 1374 ec,
378 1295 470 1376 quod
488 1293 520 1357 H
542 1313 609 1357 non
636 1312 742 1356 unum
766 1312 906 1374 semper
929 1299 1036 1376 atque
1061 1294 1153 1356 idem
1178 1311 1289 1373 genus
1314 1293 1477 1356 codicum

82 1402 303 1483 Italicorum,
329 1402 390 1464 sed
415 1402 518 1464 modo
544 1405 610 1466 hoc
634 1402 737 1464 modo
762 1401 848 1464 illud
877 1403 1088 1466 auctoritate
1117 1421 1182 1464 sua
1213 1401 1351 1465 fulciat:
1383 1400 1477 1480 quod

82 1510 133 1573 ita
159 1528 199 1573 se
223 1510 356 1573 habere
380 1509 596 1573 Baehrensio
622 1509 789 1585 concedo.
836 1508 905 1572 Sed
933 1509 968 1570 in
997 1508 1066 1572 hac
1097 1525 1236 1589 quoque
1268 1509 1475 1588 quaestione

83 1617 316 1681 suffecturum
328 1635 405 1679 esse
415 1623 499 1697 puto
510 1635 577 1679 non
589 1635 679 1695 eum,
691 1617 760 1696 qui,
771 1615 957 1697 quodfecit
967 1615 1211 1694 Baehrensius‚
1222 1633 1327 1676 unam
1340 1619 1477 1677 tantum

86 1724 286 1787 alteramve
312 1723 500 1786 lectionem
525 1723 678 1804 exempli
700 1741 810 1786 causa
831 1723 1025 1804 protulerit,
1048 1722 1109 1785 sed
1131 1723 1190 1803 qui
1214 1739 1335 1784 omnes
1352 1721 1478 1784 eadem

87 1849 170 1894 cum
203 1832 387 1911 diligentia
418 1831 688 1894 examinaverit.
738 1829 840 1910 Quod
868 1830 987 1894 facere
1013 1847 1093 1892 cum
1117 1833 1265 1892 conatus
1290 1846 1413 1908 essem,
1438 1847 1476 1891 re
1571 1913 1573 1917 ι

88 1956 178 2001 vera
193 1938 353 2002 codicem
369 1938 401 2001 H
422 1937 683 2018 mi1·aquadam
705 1937 841 2000 ratione
864 1936 1063 2000 consentire
1080 1935 1182 1997 modo
1200 1953 1280 1998 cum
1298 1935 1478 1999 codicibus

90 2045 150 2108 AB
175 2047 278 2108 modo
303 2065 384 2109 cum
409 2045 468 2109 OD
494 2045 624 2108 inveni.
658 2045 781 2108 Liceat
804 2044 889 2106 mihi
913 2043 1015 2106 huius
1040 2043 1091 2106 rei
1117 2043 1282 2122 exempla
1306 2043 1477 2105 nonnulla

91 2154 266 2232 proferre:
292 2152 453 2217 codicum
477 2153 682 2216 Italicorum
708 2151 877 2215 lectiones
900 2150 1094 2214 secundum
1119 2148 1369 2212 Muellenhcffii
1399 2149 1479 2213 Ger·
1577 2216 1580 2220 ,

94 2261 244 2324 maniam
269 2261 445 2343 antiquare
475 2260 628 2322 enotavi.

567 2438 640 2504 AB
1036 2435 1103 2502 CD

198 2601 276 2663 cap.
330 2581 409 2644 1114
520 2586 558 2642 tr·

371 2695 408 2752 17
514 2692 614 2767 pluris

369 2801 408 2858 25
518 2799 607 2856 ettam

311 2903 409 2965 11113
519 2905 658 2980 hodieque
687 2903 712 2961 H

314 3010 362 3073 IV
392 3017 409 3072 6
519 3012 609 3070 cerati
631 3012 660 3070 H

334 3116 363 3178 V
393 3123 409 3179 7
521 3138 623 3194 eaeque
646 3119 675 3176 H

392 3229 409 3286 8
518 3227 681 3302 propitiine
704 3226 733 3283 H

296 3319 430 3404 VIIIV(⁹
518 3339 569 3390 aut
592 3333 701 3407 euincere

274 3438 360 3501 XIII
389 3444 407 3499 4
517 3461 585 3500 eam

371 3551 409 3607 14
513 3549 685 3624 princepum
711 3548 740 3605 H

278 3652 361 3716 XIV
392 3659 409 3714 2
519 3658 661 3733 adequare
683 3657 711 3714 H

274 3759 360 3836 XIX
390 3757 420 3822 9'
518 3764 660 3821 a'aaeaere't
687 3764 716 3821 H

260 3866 365 3930 XXII
391 3873 408 3929 9
518 3871 568 3928 sed
591 3876 616 3928 et
639 3871 668 3929 H

259 3973 361 4038 XXV
392 3979 498 4049 9-14
517 3978 623 4036 desunt

241 4082 360 4145 XXVI
392 4089 409 4145 8
520 4091 647 4160 saperent
670 4086 699 4142 H

208 4188 363 4252 XXVIII
393 4195 408 4250 1
520 4198 605 4250 autor

225 4294 361 4359 XXXV
392 4303 409 4358 6
520 4301 656 4356 statuetur
677 4299 706 4356 H

210 4402 364 4465 XXXVI
394 4409 412 4466 8
521 4408 587 4482 saei

298 4508 361 4571 XL
391 4515 409 4572 3
520 4533 553 4570 ac
569 4512 762 4589 periclitando
785 4512 815 4570 H

283 4616 365 4678 XLI
391 4621 406 4680 7
513 4621 631 4695 passim
654 4619 718 4676 stae
741 4619 770 4676 H

266 4722 365 4785 XLII
396 4730 411 4786 7
522 4746 656 4784 arefacere
678 4726 707 4783 H

253 4829 371 4892 XLIII
399 4837 414 4892 1
526 4835 592 4890 bart
615 4834 643 4891 H

392 4943 435 4999 7.
517 4941 613 5014 potant
635 4940 664 4997 H

114 5089 119 5096 ,
237 5042 362 5134 ¹XLIV
394 5049 409 5105 1
521 5066 661 5106 oceanum

1000 2589 1056 2640 tres
1079 2583 1107 2639 H

995 2690 1097 2765 pierres·
1121 2689 1149 2747 H

1000 2801 1025 2853 et
1049 2795 1117 2873 (om.
1135 2796 1170 2872 O)
1194 2797 1222 2855 H

1002 2902 1086 2960 hodie

1002 3011 1106 3068 cerulei

1003 3123 1103 3192 eatque

998 3225 1125 3300 propitii

971 3389 972 3392 ,
1002 3337 1027 3388 et
1051 3331 1159 3405 eatpere
1183 3331 1212 3388 H

1002 3444 1065 3496 tam
1088 3438 1117 3496 H

997 3545 1184 3620 praeceptam
1206 3545 1235 3602 H
1258 3564 1316 3602 var.

1000 3673 1104 3729 equare

1002 3762 1115 3819 tavena

1001 3869 1051 3926 sed

1003 3976 1112 4033 adsunt
1135 3975 1163 4032 H

1000 4088 1131 4157 separent

1002 4195 1155 4246 auctorem
1178 4188 1206 4244 H
1315 4215 1322 4223 ··

1000 4296 1118 4352 sinatur
1141 4294 1169 4350 H
1190 4313 1227 4351 m.

1001 4404 1062 4479 fosi
1085 4404 1114 4461 H

1001 4516 1027 4568 et
1044 4509 1236 4584 periclitando

995 4617 1114 4692 passim
1136 4621 1162 4673 et
1184 4616 1248 4672 stae

1002 4728 1176 4781 mariaeerat

1007 4831 1085 4888 darei

998 4938 1089 4996 eote'ai

1001 5063 1120 5102 oeeeaao
1143 5043 1172 5101 H
