3682 5912
942 531 1162 592 „42-

361 727 528 788 uiaticum
546 724 632 787 illud
649 723 814 786 mendum
836 722 979 804 resiliat,
1006 724 1073 786 uisi
1093 723 1157 786 sibi
1179 741 1242 804 pro
1264 723 1416 788 lectione
1438 724 1594 803 genuina
1614 723 1754 788 habere

360 850 510 913 eamque
539 833 583 895 ob
612 849 686 894 rem
717 831 752 892 in
781 835 915 894 textum
945 831 1104 912 recipcre
1131 870 1168 879 -
1196 832 1289 912 quod
1318 832 1402 895 fecit
1430 831 1564 895 Holder
1589 872 1630 880 -
1652 833 1754 896 nole.

449 976 552 1042 X115
598 975 718 1039 Lectio
757 975 906 1054 vulgata
947 974 1091 1038 exhibet
1133 975 1272 1057 insuper
1314 982 1420 1052 erute,
1459 974 1491 1038 H
1525 993 1611 1038 vero
1647 983 1684 1038 et
1723 975 1754 1036 V

360 1083 577 1163 scripserunt
609 1083 747 1163 iusuper
781 1087 811 1143 et
843 1088 948 1160 crure,
978 1082 1127 1144 fortasse
1158 1081 1309 1166 lectione
1344 1081 1464 1163 aliqua
1497 1083 1753 1164 superscripta,
1826 1151 1827 1164 ,

361 1267 398 1325 ut
418 1193 527 1324 ‘bruta
560 1261 616 1342 (Α)
654 1261 828 1324 commoti.
876 1260 1129 1341 lnterpolatam
1159 1279 1235 1323 esse
1269 1260 1362 1324 hanc
1395 1261 1584 1324 lectionem
1617 1279 1679 1342 per
1713 1279 1753 1324 se

360 1377 473 1450 patet:
510 1368 593 1449 quid
629 1368 722 1431 enim
760 1373 901 1447 praeter
938 1371 1071 1430 cratem
1107 1367 1249 1430 inicitur
1288 1367 1446 1448 insuper,
1489 1387 1557 1448 quo
1596 1368 1680 1430 illud
1722 1375 1753 1431 et

360 1475 591 1538 iustificetur?

452 1600 587 1667 XV12.
635 1599 838 1662 Lectionem
875 1598 1019 1683 siupulia
1055 1617 1120 1679 pro
1159 1620 1180 1662 u
1217 1599 1360 1684 siupuiis
1394 1600 1602 1664 coniectura
1634 1606 1752 1662 ortam

361 1726 438 1770 esse
470 1707 723 1770 sententiarum
757 1723 893 1769 conexu
927 1705 1201 1769 demonstratur:
1235 1724 1349 1787 neque
1380 1707 1473 1770 enim
1506 1706 1628 1770 dativo
1658 1725 1749 1770 casu
1827 1737 1828 1756 1

361 1833 448 1896 opus
478 1821 540 1892 est,
573 1831 651 1876 cum
682 1832 701 1875 e
731 1813 1025 1894 praecedentibus
1054 1819 1229 1894 appareat
1260 1814 1350 1876 mitti
1380 1813 1471 1877 haec
1500 1813 1593 1877 dona
1621 1813 1751 1894 princi·

361 1921 473 2002 pibus,
496 1920 557 1982 sed
579 1919 747 1997 ablativo,
770 1920 839 2000 qui,
861 1938 883 1982 a
900 1937 1052 2000 quonam
1079 1920 1264 1983 mittantur
1289 1919 1379 1984 haec
1403 1920 1496 1984 dona
1520 1921 1749 1984 finitimarum

365 2028 532 2106 gentium,
558 2045 620 2088 nos
645 2026 803 2090 edoceat.

451 2169 672 2236 XXXIV11.
711 2167 892 2232 Facillime
926 2187 989 2249 pro
1024 2171 1250 2234 pertransimus
1289 2171 1435 2233 verbum
1476 2171 1634 2234 usitatius
1671 2192 1749 2234 cou-

362 2277 525 2340 suerirnus
563 2275 672 2355 recipi
707 2275 820 2356 potuit
850 2295 872 2338 a
905 2276 1049 2338 librario
1080 2276 1211 2340 codicis
1240 2275 1282 2357 H,
1322 2277 1475 2358 itemque
1508 2278 1747 2344 XXXV1115

363 2385 511 2468 obiipure
540 2401 603 2464 pro
628 2383 810 2466 obliquare.

450 2526 721 2593 xxxvnnz.
782 2526 929 2610 relipuut
973 2527 1222 2606 interpolatum
1266 2545 1342 2590 esse
1386 2527 1628 2591 demonstrant
1669 2528 1748 2590 reli·
1828 2515 1829 2520 ¹

360 2640 462 2717 putrer
484 2632 543 2694 AB
562 2638 596 2694 et
623 2633 731 2716 lipuut
757 2630 826 2710 01),
852 2650 939 2712 quas
961 2632 1130 2696 lectiones
1152 2633 1378 2714 divergentes
1399 2635 1434 2696 in
1458 2653 1562 2698 unam
1585 2635 1747 2715 redigere

361 2740 493 2802 studuit
517 2738 558 2801 H.

449 2864 652 2930 XXXIXl.
703 2884 737 2926 se
774 2864 1060 2948 nobilissimosque
1098 2866 1202 2928 lectio
1243 2867 1401 2946 vulgata.
1448 2865 1480 2929 H
1521 2865 1749 2946 neglegentia

362 2972 495 3034 librarii
526 2979 586 3033 aut
615 2971 815 3053 emisitque
850 2989 999 3052 eamque
1026 2974 1168 3035 obrem
1202 2994 1235 3036 se
1265 2973 1300 3035 in
1335 2995 1392 3036 seu
1426 2977 1564 3037 mutare
1596 2974 1749 3037 debehat

362 3086 423 3143 aut
463 3078 709 3159 interpolando
749 3079 940 3159 scripserat
979 3100 1035 3141 seu
1076 3097 1138 3160 pro
1176 3102 1209 3143 se
1254 3098 1402 3161 eamque
1441 3081 1484 3144 oh
1517 3099 1592 3144 rem
1629 3081 1747 3144 delere

362 3188 556 3267 cogebatur
584 3206 654 3268 qua

450 3311 593 3377 XLV4.
624 3317 699 3373 ertu
715 3331 749 3373 se
766 3311 870 3373 durat
891 3310 1096 3374 coniectura
1117 3319 1194 3374 erat
1221 3312 1401 3392 facillima,
1428 3313 1456 3374 si
1483 3330 1551 3375 non
1578 3313 1747 3394 placebat

363 3419 547 3498 vulgatum
572 3417 675 3480 illud:
706 3424 799 3480 ortus
823 3418 954 3480 edurat.

450 3541 687 3606 Consideratis
722 3549 838 3623 atque,
874 3548 911 3604 ut
944 3561 1062 3623 spere,
1097 3545 1217 3624 aliqua
1253 3563 1297 3607 ex
1333 3549 1434 3626 parte
1470 3545 1657 3625 explicatis
1692 3544 1745 3607 his

362 3649 581 3728 lectionibus,
607 3650 675 3711 iam
699 3651 799 3713 nobis
820 3651 993 3731 reliquum
1015 3656 1076 3730 est,
1095 3657 1133 3713 ut
1150 3669 1372 3732 quaeramus,
1390 3656 1558 3732 quotnam
1576 3652 1746 3715 lectiones

363 3761 496 3818 restent
520 3755 651 3818 codicis
675 3755 706 3818 H
731 3757 906 3838 propriae,
932 3774 1023 3837 quae
1049 3775 1112 3838 pro
1137 3758 1298 3836 genuinis
1322 3757 1509 3822 habendae
1538 3758 1607 3822 sint
1631 3775 1746 3840 neque

363 3862 585 3926 consentiant
610 3881 689 3926 cum
716 3862 904 3925 traditione
932 3865 1089 3942 vulgata.
1137 3863 1212 3925 Non
1238 3870 1319 3926 sunt
1342 3865 1492 3928 multae:
1517 3870 1627 3928 restat
1653 3866 1744 3929 enim

361 3971 437 4033 sola
467 3971 590 4032 ubuobe
620 3970 714 4050 (110)
748 3968 878 4032 codicis
904 3969 946 4047 H,
978 3988 1057 4033 cum
1088 3971 1192 4033 lectio
1224 3971 1372 4049 vulgata
1400 3971 1566 4034 exhibeat
1596 3975 1744 4036 uruubae

361 4080 436 4140 sive
463 4078 621 4140 urboune.
662 4075 824 4139 Genuiua
852 4076 956 4139 lectio
983 4078 1130 4140 ubnoluu
1156 4078 1306 4158 primum
1329 4079 1506 4141 invenitur
1528 4079 1562 4142 in
1585 4082 1745 4160 margine

361 4185 523 4247 editionis
548 4184 630 4246 anni
659 4189 740 4248 1497
768 4202 786 4246 e
812 4183 1016 4247 coniectura
1041 4184 1220 4247 Hermolai
1246 4185 1393 4248 Barbari
1418 4188 1474 4267 (cf.
1492 4187 1664 4266 Walther,
1691 4186 1742 4250 edi

360 4291 443 4355 Tac.
474 4298 554 4354 torn.
580 4292 628 4355 IV
653 4309 685 4372 p.
712 4298 730 4358 6
756 4296 857 4372 not.):
890 4292 950 4354 sed
982 4293 1194 4356 monendum
1226 4299 1288 4371 est,
1320 4293 1388 4356 illis
1420 4294 1635 4375 temporibus
1669 4298 1745 4376 post

360 4409 537 4480 repertam
572 4399 797 4464 Germaniam
832 4400 959 4462 multos
994 4401 1086 4462 viros
1121 4400 1242 4464 doctos
1275 4401 1328 4463 his
1362 4403 1466 4464 rebus
1502 4402 1676 4464 studuisse
1712 4406 1744 4462 et

361 4506 465 4570 facile
491 4507 560 4568 iam
586 4518 667 4568 ante
693 4505 920 4569 Hermolaum
943 4507 1095 4588 aliquem
1118 4509 1310 4571 doctiorem
1331 4527 1350 4571 e
1368 4510 1492 4590 quovis
1509 4509 1746 4580 fonteverum

361 4613 447 4677 illud
472 4615 598 4676 montis
624 4631 750 4676 nomen
781 4614 955 4694 refingere
985 4615 1048 4678 sibi
1079 4615 1249 4695 potuisse:
1280 4633 1299 4678 e
1325 4617 1423 4679 euius
1448 4617 1654 4680 coniectura
1679 4617 1742 4679 hor.

359 4738 485 4782 nomen
526 4721 559 4782 in
597 4720 755 4784 codicem
797 4728 953 4783 nostrum
988 4723 1160 4803 pervenit.
1217 4723 1350 4803 Quare,
1387 4723 1414 4785 si
1451 4724 1520 4785 iam
1555 4723 1744 4786 omittimus

361 4828 563 4906 ambiguam
609 4828 706 4891 illam
746 4827 956 4892 Nerinorum
1002 4837 1037 4893 et
1083 4831 1267 4894 Ubiorum.
1295 4832 1665 4894 commemorationem
1687 4817 1745 4878 ὲ

360 4951 507 5015 quorum
544 4935 687 4998 nomina
726 4937 864 5000 facilius
904 4937 1009 4999 etiam
1054 4943 1156 5000 erant
1195 4937 1412 5000 restituenda
1444 4955 1550 5019 quam
1591 4936 1746 5000 Abnobae

360 5042 486 5104 montis
521 5081 564 5089 —
599 5043 697 5105 nulla
729 5043 799 5106 iam
835 5044 934 5106 nobis
970 5045 1139 5107 remansit
1175 5044 1279 5107 lectio
1316 5044 1448 5108 codicis
1481 5044 1527 5124 H,
1565 5062 1656 5125 quae
1698 5045 1745 5106 ita
