3682 5912
939 545 1160 606 ..38-

446 735 691 802 xxxvuro
715 739 755 799 et
778 736 867 816 ipso
892 743 931 798 et
953 736 1053 822 ipse]
1086 744 1120 800 et
1144 737 1228 820 ipse
1253 735 1294 800 H.

447 849 576 914 Veram
595 852 780 915 lectionem
804 853 870 916 hoc
886 853 963 917 loco
980 853 1114 934 profert
1130 852 1172 932 H,
1196 870 1277 917 cum
1298 853 1439 918 codices
1457 853 1579 918 ABCD
1602 855 1755 919 adiecto

352 965 388 1022 ct
417 958 491 1041 ipso
526 958 729 1039 interpolati
761 959 847 1022 sint:
877 959 938 1023 sed
967 978 1037 1022 non
1065 959 1098 1023 H
1131 960 1225 1024 solus
1258 959 1352 1024 hanc
1385 961 1698 1041 interpolationem
1733 982 1754 1022 e

356 1068 457 1128 textu
481 1065 641 1144 removit,
667 1066 727 1129 sed
753 1067 859 1130 etiam
883 1066 1023 1131 codices
1047 1066 1114 1130 MV
1139 1067 1209 1130 alii.

446 1225 544 1290 XL5
569 1225 770 1309 suarines]
795 1226 1016 1288 scardones
1039 1223 1081 1287 H.
1187 1271 1280 1324 dones

446 1340 521 1402 Iam
551 1340 585 1402 in
616 1341 737 1404 codice
766 1341 793 1403 B
821 1341 989 1422 scriptum
1023 1345 1075 1404 est
1108 1342 1274 1422 suarinas,
1304 1345 1339 1404 et
1364 1340 1386 1405 S
1413 1342 1556 1406 exhibet
1582 1343 1617 1405 in
1644 1350 1751 1406 textu

358 1448 403 1510 ab
428 1447 552 1511 eadem
578 1466 684 1510 manu
713 1470 865 1513 suarinas
889 1470 946 1513 seu
969 1450 1167 1529 sanctiones,
1197 1450 1247 1513 ita
1276 1454 1315 1512 ut
1344 1450 1435 1514 haec
1465 1467 1606 1530 quoque
1636 1450 1751 1514 lectio

355 1555 496 1636 probet,
534 1555 692 1619 codicem
727 1555 759 1617 H
800 1556 845 1618 ad
883 1556 1103 1619 traditionem
1138 1557 1301 1621 Italicam
1338 1557 1482 1637 eiusque
1518 1557 1751 1621 coniecturas

357 1662 535 1726 recedere.

446 1804 499 1867 Hx
528 1805 579 1884 iis,
614 1822 704 1885 quae
739 1804 850 1885 attuli,
887 1803 972 1867 satis
999 1803 1085 1866 mihi
1114 1822 1291 1885 apparere
1319 1803 1460 1868 videtur
1487 1804 1747 1868 Baehrensium

355 1911 397 1974 iis
421 1911 631 1974 lectionibus
655 1910 786 1974 codicis
802 1910 845 1990 H,
871 1928 958 1991 quas
982 1911 1138 1992 exempli
1162 1929 1272 1975 causa
1292 1911 1447 1992 protulit,
1470 1912 1641 1990 originem
1659 1911 1748 1978 Ger-

356 2019 535 2081 manicam
560 2017 634 2080 eius
658 2017 799 2080 minime
825 2017 1094 2081 demonstrasse.
1127 2016 1318 2081 Praeterea
1342 2024 1470 2098 autem,
1495 2019 1524 2081 si
1549 2020 1747 2099 quaeritur,

357 2142 534 2204 quaenam
563 2124 649 2187 fides
678 2124 791 2188 codici
815 2124 922 2188 alicui
945 2142 990 2187 ex
1014 2124 1225 2188 lectionibus
1255 2125 1364 2206 ipsius
1392 2125 1543 2207 propriis
1575 2125 1747 2190 habenda

354 2232 410 2312 sit,
424 2248 493 2292 non
507 2230 644 2309 sufficit,
663 2232 697 2293 in
713 2249 817 2294 unam
831 2231 888 2295 vel
905 2230 1053 2294 alteram
1071 2231 1306 2312 inquisivisse,
1323 2231 1385 2295 sed
1403 2249 1525 2295 omnes
1541 2233 1746 2296 enotandae

354 2349 436 2402 sunt
469 2343 504 2401 et
538 2337 580 2400 de
614 2338 759 2418 singulis
795 2343 848 2402 est
882 2338 1118 2403 iudicandum.
1166 2338 1291 2419 Itaque
1326 2339 1370 2402 ab
1407 2339 1521 2402 officio
1558 2357 1635 2402 meo
1671 2357 1743 2402 nou

355 2445 548 2510 abhorrere
584 2446 718 2527 putavi,
755 2464 875 2509 omnes
909 2445 1089 2525 lectiones
1126 2445 1252 2526 quibus
1283 2445 1316 2508 H
1347 2464 1368 2508 a
1405 2445 1586 2510 codicibus
1617 2445 1744 2509 ABCD

355 2553 545 2633 discrepat,
570 2553 737 2632 colligere
762 2557 797 2615 et
821 2552 1022 2616 accuratius
1046 2550 1282 2616 considerare.
1331 2552 1434 2632 Quod
1463 2569 1543 2615 cum
1567 2552 1742 2629 fecissem,

354 2659 458 2723 varia
481 2659 605 2721 harum
632 2659 820 2722 lectionum
841 2676 974 2738 genera
998 2658 1247 2738 distinguenda
1264 2677 1340 2722 esse
1358 2659 1488 2721 inveni.
1514 2658 1567 2722 Ac
1590 2659 1741 2740 primum
1836 2705 1837 2712 .

354 2766 497 2848 quidem
522 2765 718 2846 permultae
743 2765 912 2828 lectiones
933 2765 1102 2844 vulgatae
1128 2765 1331 2845 discrepant
1356 2784 1378 2827 a
1401 2765 1524 2828 codice
1546 2764 1578 2826 H
1602 2765 1741 2828 ratione

354 2872 549 2938 scribendi:
585 2889 667 2933 nam
700 2870 732 2932 H
765 2871 918 2934 litteram
953 2878 966 2934 t
999 2875 1081 2934 ante
1115 2872 1128 2934 z·
1161 2888 1240 2935 cum
1279 2871 1477 2952 insequenti
1511 2873 1628 2936 vocali
1667 2891 1741 2936 sae·
1836 2887 1837 2903 *

353 2980 495 3061 pissime
541 2979 576 3041 in
621 2998 637 3041 c
678 2983 886 3055 commutat;
929 2984 1119 3059 praeterea
1165 2996 1229 3058 pro
1274 2977 1502 3059 diphthongis
1546 3000 1585 3041 oe
1630 2985 1665 3042 et
1704 3000 1742 3042 oe

353 3087 519 3152 scribitur
543 3108 568 3167 e,
596 3104 700 3167 quem
726 3103 826 3148 usum
851 3086 921 3148 iam
946 3085 1165 3148 Hummelius
1190 3085 1225 3147 in
1253 3084 1474 3165 praefatione
1500 3104 1565 3148 sua
1591 3086 1739 3148 notavit.

353 3193 489 3257 Littera
527 3193 547 3256 lt
585 3192 725 3273 saepius
763 3192 890 3254 iniuria
927 3191 1117 3272 apponitur
1155 3191 1309 3272 itemque
1350 3191 1530 3254 omittitur.
1578 3191 1738 3268 Accedit,

354 3300 447 3382 quod
484 3300 516 3362 H
558 3306 692 3364 certam
736 3299 895 3379 regulam
939 3315 1009 3360 non
1049 3303 1191 3362 secutus
1233 3298 1337 3361 modo
1379 3299 1469 3378 ads,
1516 3299 1619 3361 modo
1658 3319 1738 3378 aas,

352 3407 456 3470 modo
491 3408 583 3489 adp,
613 3407 715 3469 modo
744 3427 825 3488 opp-
862 3405 993 3486 scribit,
1028 3405 1109 3469 alia.
1158 3404 1226 3468 Sed
1259 3405 1350 3469 haec
1384 3405 1503 3468 omnia
1535 3410 1571 3468 et
1603 3405 1638 3466 in
1672 3405 1741 3468 Ita-

352 3515 465 3578 lorum
484 3514 664 3578 codicibus
681 3513 831 3591 variant,
848 3513 1014 3593 quoniam
1027 3512 1199 3575 minutiae
1216 3517 1297 3575 sunt
1313 3511 1387 3575 fere
1405 3513 1560 3574 omnium
1577 3512 1739 3576 codicum

352 3623 496 3686 saeculo
518 3621 593 3684 XV.
619 3621 829 3702 scriptorum
854 3621 1029 3702 propriae,
1047 3638 1157 3701 quare
1183 3621 1286 3699 intra,
1312 3621 1372 3683 ubi
1394 3619 1437 3682 de
1459 3620 1537 3682 aliis
1558 3619 1740 3683 codicibus

353 3729 508 3793 eiusdem
544 3729 671 3791 aetatis
705 3729 831 3809 agitur,
866 3746 972 3809 quam
1007 3727 1212 3791 brevissime
1240 3727 1328 3790 talia
1361 3727 1589 3807 complectar.
1638 3724 1740 3805 Quae

352 3837 472 3900 omnia
496 3836 581 3898 nihil
606 3843 752 3917 prosunt
775 3836 809 3898 in
836 3835 1110 3899 demonstranda
1140 3834 1287 3898 duorum
1320 3834 1481 3898 codicum
1510 3832 1738 3896 similitudine

353 3952 414 4008 aut
435 3943 725 4006 dissimilitudine.
751 3942 901 4006 Tantum
923 3942 991 4006 hoc
1011 3943 1139 4023 probat
1160 3959 1204 4006 ea
1225 3941 1401 4006 scribendi
1424 3939 1524 4020 ratio,
1542 3957 1613 4020 qua
1631 3939 1739 4001 utitur

352 4053 467 4116 codex
499 4051 775 4130 Hummelianus,
809 4051 916 4131 illum,
945 4047 1119 4129 siquidem
1156 4049 1353 4128 exscriptus
1385 4052 1438 4110 est
1468 4064 1512 4110 ex
1542 4046 1738 4128 archetypo
1835 4075 1836 4102 t

352 4158 529 4240 Fuldensi,
552 4177 621 4221 non
639 4157 786 4219 multum
807 4162 889 4220 ante
910 4155 1184 4236 typographiam
1206 4154 1390 4218 inventam
1411 4171 1488 4217 esse
1505 4154 1737 4234 exscriptum:

352 4265 607 4346 orthographia
631 4264 725 4327 enim
748 4264 822 4326 eius
842 4268 894 4326 est
910 4261 1096 4342 recentior,
1121 4261 1220 4325 cuius
1244 4265 1386 4342 praeter
1411 4260 1483 4323 alia
1506 4260 1574 4324 hoc
1598 4276 1738 4340 quoquo

353 4373 532 4454 proprium
571 4377 632 4450 est,
672 4371 764 4452 quod
798 4387 924 4433 nomen
970 4389 1113 4431 oceanus
1155 4386 1219 4449 per
1262 4366 1348 4430 duas
1391 4385 1531 4448 semper
1572 4367 1738 4430 scribitur

352 4479 489 4542 litteras
514 4499 539 4542 c.

442 4621 599 4684 Alterum
629 4620 754 4684 deiude
783 4637 894 4700 genus
922 4618 1112 4683 lectionum
1140 4616 1469 4680 Hummelianarum
1505 4615 1737 4695 singularium

351 4728 439 4791 illud
464 4735 526 4808 est,
552 4728 645 4809 quod
669 4728 853 4791 manifesto
878 4725 1012 4790 librarii
1036 4725 1147 4788 errori
1167 4724 1314 4788 debetur
1336 4728 1372 4786 et
1393 4723 1604 4787 correctoris
1621 4739 1737 4785 emen-

352 4836 530 4899 dationem
560 4835 690 4915 effugit.
738 4833 895 4914 Curiique
923 4833 958 4894 in
987 4832 1056 4895 illis
1085 4849 1148 4911 per
1177 4848 1215 4894 se
1243 4835 1375 4911 pateat,
1408 4847 1470 4892 eas
1501 4828 1587 4891 nihil
1617 4828 1737 4892 t'acere

350 4962 415 5025 pro
449 4943 583 5023 origine
620 4941 750 5007 codicis
786 4959 808 5003 a
840 4940 1055 5020 reliquorum
1084 4937 1246 5002 codicum
1278 4937 1414 5016 origine
1450 4936 1601 5016 diversa,
1632 4935 1738 4998 nullis

351 5051 442 5114 notis
467 5050 614 5113 adiectis
638 5067 682 5112 ex
707 5047 829 5111 ordine
853 5065 914 5110 eas
939 5045 1150 5109 adscribam.
