3682 5912
940 521 1161 580 ..43-

357 715 547 782 Schefcnik
582 714 763 778 nobiscum
800 712 1163 791 communicaverunt,
1199 711 1380 792 adnotavi,
1418 718 1492 776 tum
1531 713 1632 776 tertio
1661 715 1750 779 loco

358 823 461 906 posui
485 840 547 885 eas
571 821 750 898 1111111111,
775 819 901 901 quibus
924 817 958 881 H
981 829 1016 882 et
1037 818 1067 881 V
1092 818 1142 881 ita
1165 820 1400 900 consentiunt,
1428 824 1466 882 ut
1490 819 1597 885 lectio
1624 823 1751 886 arche-

363 931 440 1013 typi
457 929 592 992 restitui
614 945 716 1008 posse
734 925 914 989 videatur:
936 924 1029 1005 quod
1046 924 1279 1006 archetypum
1296 926 1440 1006 signavi
1456 931 1542 991 nota
1560 933 1592 996 d:
1617 947 1750 992 revera
1827 1015 1828 1026 ἵ

361 1036 559 1117 exscriptos
583 1053 659 1097 esse
684 1033 715 1095 H
741 1038 776 1095 et
796 1033 826 1095 V
850 1051 895 1096 ex
919 1034 1042 1096 eodem
1066 1032 1126 1094 illo
1152 1031 1357 1114 archetypo,
1389 1035 1483 1098 intra
1511 1035 1580 1098 erit
1607 1036 1749 1099 demon-

306 1177 310 1186 »
357 1143 551 1208 strandum.

577 1410 826 1493 Comparatio
851 1409 1062 1474 lectionum
1087 1408 1229 1473 codicis
1254 1408 1521 1475 Hummeliani

360 1536 397 1594 et
413 1528 625 1594 lectionum
646 1525 787 1591 codicis
804 1524 1119 1589 vindobonensis
1137 1523 1174 1588 II
1195 1525 1234 1589 in
1251 1524 1438 1590 Huemeri
1459 1533 1496 1591 et
1515 1523 1747 1592 Schelczikii
1828 1555 1829 1596 1

778 1640 1049 1705 collationibus
1074 1640 1321 1705 exstantium.
1421 1639 1426 1654 ‘

357 1807 566 1817 ——-——————

402 1880 472 1955 ap.
585 1807 613 1811 ··
633 1805 730 1899 nn
841 1818 843 1909 1

573 1930 785 1988 anamma
841 1914 843 2019 1

451 2098 497 2150 11
567 2090 721 2149 Germania
744 2108 804 2148 om·
844 2107 845 2116 ¹
986 2124 1026 2132 -—
1168 2074 1170 2118 1
1245 2089 1425 2148 ERMANIA
1599 2127 1641 2134 —-

641 2180 727 2237 nisa
986 2214 1026 2220 --
1228 2175 1433 2262 ballistia
1599 2216 1641 2242 -,

602 2269 760 2344 Raetisque
843 2285 847 2419 q
929 2268 1090 2344 raecijsque
1261 2269 1401 2349 raetijsq3
1599 2305 1641 2312 -

590 2365 619 2416 et
642 2358 774 2415 Dammio
912 2376 946 2416 ac
969 2357 1096 2414 danuuio
1239 2376 1273 2415 ac
1296 2357 1433 2416 danubio
1564 2377 1599 2417 ac

606 2448 752 2523 Dacisque
843 2450 845 2531 ζ
985 2482 1026 2488 -
1273 2447 1394 2527 dacisq3
1600 2482 1640 2490 —

557 2543 653 2596 cetera
678 2535 810 2594 Oceanus
876 2541 971 2594 cetera
994 2554 1137 2594 occeanus
1201 2541 1296 2594 cetera
1319 2553 1461 2594 occeanus
1498 2541 1593 2595 cetera
1603 2554 1744 2596 occeanus

587 2626 783 2701 complectens
986 2660 1027 2666 —
1239 2625 1425 2700 conplectens
1599 2662 1641 2668 —

580 2734 655 2792 quos
679 2715 788 2773 beilum
845 2770 846 2789 q
986 2749 1027 2756 -—
1223 2733 1296 2789 qnos
1320 2732 1443 2789 regnum
1599 2750 1640 2757 —

987 2838 1027 2845 —
1196 2803 1305 2860 beilum
1319 2803 1358 2881 V2
1376 2822 1468 2877 murp.
1600 2839 1641 2846 —

591 2893 775 2951 Raeticarum
923 2892 1093 2950 raeticarum
1246 2893 1419 2950 raeticarum
1535 2893 1705 2952 raeticamm

606 2982 757 3058 praecipiti
846 2977 847 3017 1
988 3017 1028 3024 -
1267 2982 1400 3057 precipiti
1496 2977 1497 3045 i
1600 3018 1641 3025 —

577 3071 791 3147 septentrionali
845 3093 847 3123 ι
898 3071 1116 3147 septentrionali
1312 3106 1354 3113 -
1496 3048 1498 3159 i
1601 3107 1642 3114 -

623 3160 736 3220 Oceano
845 3184 847 3229 l
946 3178 1071 3246 occeano
1274 3178 1396 3219 occeano
1496 3168 1498 3259 p
1559 3179 1681 3219 occeano

845 3316 847 3329 .
1355 3281 1368 3319 u

610 3340 761 3398 Danuvius
845 3338 847 3397 1
933 3338 1079 3396 danrurius
1252 3338 1414 3396 DAnuuius
1496 3268 1498 3405 i
1549 3338 1692 3398 danuuius

532 3430 613 3488 molli
630 3435 659 3488 et
675 3420 847 3491 elementari
885 3428 966 3486 molli
989 3447 1023 3486 ac
1047 3428 1130 3486 clem.
1314 3462 1355 3470 -
1496 3414 1498 3465 !
1600 3463 1641 3470 ..

612 3520 749 3577 Abnobae
845 3496 847 3523 Ι
953 3518 1063 3576 abnobe
1271 3518 1396 3575 arncbae
1496 3472 1498 3567 i
1599 3551 1643 3560 .-

628 3610 739 3666 eliusus
956 3606 1059 3664 effusis
1313 3641 1355 3648 --
1604 3641 1642 3650 .-

636 3697 728 3772 piuris
988 3731 1028 3738 —
1282 3696 1382 3771 piures
1601 3731 1642 3738 —

617 3793 750 3861 erumpat
944 3789 1079 3860 erumpat
1313 3821 1353 3826 —
1600 3818 1641 3826 —

616 3875 751 3950 hospitiis
937 3874 1078 3949 hospicijs
1264 3873 1404 3949 hospiciis
1496 3818 1498 3945 i
1554 3873 1690 3949 hospiciis

595 3965 771 4040 quaerebant
846 3926 848 4027 i
989 3998 1029 4005 —
1252 3963 1414 4039 querebant
1600 3997 1641 4004 —

618 4053 750 4112 Oceanus
938 4071 1080 4111 occeanus
1171 4016 1172 4093 i
1264 4069 1405 4110 occeanus
1553 4069 1694 4112 occeanus

583 4143 660 4207 Asia,
686 4143 782 4200 Africa
845 4156 847 4223 j
988 4177 1028 4183 —
1223 4143 1313 4215 Asya
1336 4141 1445 4199 Attrica
1496 4172 1497 4187 1
1601 4176 1642 4184 -

634 4232 740 4290 nisisi
845 4228 848 4323 j
938 4231 995 4289 nisi
1020 4231 1076 4289 sibi
1209 4231 1265 4288 nisi
1289 4231 1344 4288 sibi
1367 4229 1461 4306 patria
1496 4234 1497 4287 l
1554 4230 1611 4289 nisi
1636 4230 1690 4289 sibi

606 4340 698 4396 genus
721 4327 766 4378 est
845 4338 847 4351 ¹
926 4339 1018 4396 genus
1042 4325 1088 4379 cst
1313 4355 1354 4361 -
1496 4300 1497 4343 ¹

600 4411 768 4468 Tuistonem
927 4409 1078 4483 vistonem,
1261 4409 1404 4467 bistonem
1496 4466 1498 4481 q

845 4482 847 4569 ἶ
878 4500 1037 4558 tuisconem
1057 4500 1139 4557 Hm.
1182 4488 1498 4557 111.11111111111111111.Ι

595 4590 714 4662 editum,
739 4595 768 4646 et
846 4589 847 4610 ¹
988 4623 1028 4630 -
1252 4587 1365 4645 editmn
1387 4586 1413 4644 ei
1496 4582 1498 4679 ζ

613 4679 749 4736 Mannum
845 4674 847 4691 '
944 4695 1078 4735 mamum
1269 4676 1404 4733 inannum
1496 4704 1498 4801 q

1495 4842 1497 4883 1

1495 4938 1497 4983 l

1495 5082 1497 5110 Ι

892 4785 1031 4825 mannum
1046 4766 1123 4823 Hm.
1170 4780 1172 4817 l
1313 4800 1354 4807 -

573 4857 794 4932 conditoresque
845 4838 847 4877 ⁵
886 4856 1123 4930 conditoremque
1169 4822 1172 4955 i
1227 4853 1442 4929 conditorisque

986 4979 1031 4988 —
1170 4943 1484 5061 qcmr·.Vcomlitorem·

1170 5068 1172 5112 ‚
1302 5051 1360 5108 que

1599 4445 1643 5074 llllllll
