3682 5912
685 546 906 607 -37-

103 738 250 802 Probari
269 737 363 800 hauc
385 738 595 800 sententiam
619 737 755 801 duabus
772 738 894 801 rebus:
918 738 1011 819 quod
1033 738 1126 801 solus
1149 739 1303 800 omnium
1324 737 1487 802 codicum

103 847 302 926 singulares
336 843 507 926 quasdam
541 844 711 908 lectiones
745 845 925 926 exhibeat,
964 863 1052 926 quas
1088 846 1269 910 doctorum
1308 845 1488 908 homiuum

105 954 217 1036 quinti
241 951 369 1016 decimi
393 950 527 1014 saeculi
552 951 764 1015 coniecturis
789 970 859 1014 non
884 953 1005 1016 deberi
1031 959 1166 1016 certum
1190 953 1244 1031 sit,
1269 957 1305 1014 et
1329 952 1423 1032 quod
1446 951 1488 1015 iis

104 1062 201 1142 locis,
226 1061 353 1141 quibus
377 1058 437 1121 AB
462 1063 497 1120 et
521 1056 580 1122 OD
605 1097 648 1105 --
673 1058 740 1121 duo
771 1058 834 1122 illa
862 1059 1023 1123 codicum
1051 1060 1256 1124 italicorum
1287 1077 1422 1138 genera
1446 1099 1488 1107 -

103 1171 196 1232 inter
224 1186 260 1231 se
293 1165 511 1244 dissentiant,
545 1183 683 1245 semper
713 1185 734 1228 a
762 1167 922 1246 partibus
953 1167 1027 1230 eius
1059 1168 1220 1231 codicum
1244 1167 1385 1248 generis
1409 1169 1489 1247 stet,

8 1333 9 1338 ,
108 1274 201 1356 quod
224 1273 413 1337 lectionem
437 1271 626 1350 genuinam
653 1269 830 1353 exhibeat,
861 1292 929 1336 non
959 1293 1065 1337 unum
1090 1293 1229 1356 semper
1254 1278 1361 1354 atque
1385 1273 1489 1354 idem,

105 1381 170 1444 sed
199 1380 302 1443 modo
335 1380 495 1458 alterum,
528 1379 631 1442 modo
664 1381 815 1444 alterum
848 1399 958 1461 genus
991 1384 1201 1446 auctoritate
1233 1401 1297 1446 sua
1328 1383 1488 1446 fulciens.

106 1489 219 1568 Atque
257 1487 409 1568 primum
448 1486 589 1566 quidem
622 1505 683 1550 eas
718 1488 890 1552 lectiones
927 1490 1196 1569 consideraturi,
1232 1507 1320 1570 quas
1359 1494 1395 1552 ut
1433 1509 1489 1554 co-

105 1595 192 1658 dicis
207 1593 239 1656 H
262 1579 370 1656 solius
394 1592 556 1673 proprias
577 1611 691 1674 neque
717 1595 929 1658 coniecturis
953 1600 1048 1659 ortas
1070 1597 1216 1678 protulit
1238 1597 1487 1678 BaehrensiuS,

105 1701 362 1767 Schefczikium
396 1700 565 1763 adeamus
597 1719 743 1764 necesse
780 1707 846 1782 est,
883 1703 942 1782 qui
979 1703 1259 1766 dissertationem
1296 1703 1335 1766 de
1378 1703 1499 1767 Taciti*

105 1809 308 1872 Germaniae
330 1814 505 1890 apparatu
527 1808 642 1870 critico
665 1807 812 1870 inseruit
828 1809 1081 1889 programmati
1099 1807 1357 1890 Troppaviensi
1374 1815 1488 1892 (1886)

105 1921 141 1978 et
166 1915 206 1978 de
229 1914 283 1978 his
307 1914 516 1978 lectionibus
541 1915 613 1994 egit
634 1934 666 1996 p.
688 1921 726 1981 13
744 1933 819 1996 sqq.
844 1916 884 1978 In
906 1916 1110 1979 uniuersum
1131 1935 1210 1980 cum
1232 1937 1273 1980 eo
1295 1918 1488 1998 consentio,

105 2023 143 2084 in
167 2022 310 2102 singulis
335 2021 506 2084 nonnulla
530 2022 661 2085 addere
686 2023 802 2087 liceat.

193 2165 286 2230 1114
310 2163 642 2248 conditorisque]
669 2166 990 2248 conditoremque
1014 2165 1055 2228 H.

194 2290 280 2354 Cum
301 2287 523 2352 Scheiczikio
544 2288 628 2350 mihi
653 2288 748 2350 haud
775 2289 936 2370 displicet
959 2289 1050 2353 haec
1071 2291 1276 2354 coniectura
1297 2292 1429 2356 codicis
1445 2292 1489 2372 H,

104 2396 165 2459 sed
188 2395 425 2459 coniecturam
449 2412 527 2456 eam
549 2413 625 2457 esse
649 2402 744 2475 puto,
770 2414 838 2458 non
864 2397 1053 2475 genuinam
1078 2397 1265 2461 lectionem
1291 2399 1490 2462 traditionis

106 2502 348 2567 Germanicae.
409 2499 656 2565 Coniecturam
693 2521 775 2565 vero
810 2504 916 2566 talem
950 2509 985 2566 et
1017 2505 1144 2567 Italum
1179 2506 1299 2569 facere
1332 2507 1488 2587 potuisse

105 2627 298 2688 cognoscas
309 2626 328 2670 e
340 2607 731 2672 codiceVindobonensi
740 2609 774 2672 ΙΙ
783 2609 849 2692 (V),
862 2628 965 2691 quem
975 2610 1106 2674 Rornae
1119 2631 1210 2674 auno
1223 2618 1305 2678 1466
1317 2614 1489 2693 scriptum

107 2734 182 2778 esse
215 2714 425 2794 subscriptio
460 2715 676 2778 demonstrat
712 2716 878 2797 (Huemer
908 2717 1066 2781 Zeitschr.
1088 2720 1116 2802 f.
1142 2720 1173 2781 d.
1201 2726 1335 2782 oesterr.
1367 2719 1488 2804 cyme.

108 2828 189 2889 1879
216 2841 248 2903 p.
276 2826 363 2902 801),
395 2823 524 2903 quique
550 2823 736 2886 lectionem
761 2824 1006 2908 conditorisque
1032 2827 1186 2890 correxit
1210 2825 1245 2887 in
1270 2827 1490 2890 conditorem-

110 2952 168 3012 que
192 2931 288 3012 (item
305 2929 340 3011 S,
360 2931 575 3010 conditorem,
601 2931 646 2993 ad
671 2949 777 3011 quam
801 2931 989 2996 lectionem
1013 2933 1048 2995 in
1073 2934 1190 3014 capite
1215 2934 1317 2996 tertio
1343 2935 1489 2998 redeun-

105 3036 185 3098 dum
209 3037 298 3116 erit).

190 3178 280 3244 1114
305 3178 549 3262 harditum]
575 3179 765 3241 baritum
789 3178 831 3240 H.

191 3302 245 3365 De
276 3302 345 3366 hac
374 3303 526 3366 lectione
553 3304 728 3383 agendum
761 3305 860 3368 nobis
893 3306 1033 3367 omniuo
1059 3324 1128 3368 non
1159 3310 1221 3386 est,
1249 3309 1415 3388 quoniam
1442 3311 1487 3372 ab

105 3408 291 3472 Hummelii
308 3408 469 3489 Longolii
486 3409 643 3490 Sellingii
661 3411 907 3474 collationibus
929 3429 996 3474 non
1015 3412 1202 3476 exhibetur
1218 3420 1253 3478 et
1271 3417 1315 3478 ab
1332 3415 1488 3479 Holdero

105 3535 124 3578 e
147 3517 220 3580 solo
245 3516 279 3599 S,
307 3535 430 3580 manus
455 3519 652 3580 testimonio
678 3519 861 3583 vindicata
885 3525 937 3583 est
961 3521 1074 3584 codici
1098 3521 1355 3603 Hummeliano,
1381 3541 1489 3603 quam

105 3625 275 3686 rationem
301 3621 345 3685 ut
361 3624 585 3687 incertiorem
609 3626 805 3690 reiecimus.
932 3617 934 3622 ’

191 3766 301 3833 11113
325 3766 564 3852 incolitur]
589 3767 815 3831 incolatur
839 3769 880 3831 H.

192 3889 293 3954 Haec
324 3891 429 3954 lectio
462 3910 530 3954 non
563 3893 597 3954 in
622 3893 654 3955 H
685 3893 759 3955 solo
791 3894 974 3975 reperitur,
1009 3896 1069 3957 sed
1102 3897 1208 3958 etiam
1240 3897 1275 3957 in
1305 3897 1486 3960 codicibus

109 3993 186 4076 MV;
208 3996 363 4076 genuina
384 4016 453 4060 non
481 4003 554 4085 est,
568 3999 651 4080 quia
671 4005 818 4081 propter
838 4018 962 4064 vocem
986 4003 1082 4065 hodie
1107 4002 1175 4067 hoc
1200 4004 1420 4066 enuntiatum
1443 4021 1488 4066 ex

106 4101 212 4182 ipsius
236 4104 390 4167 auctoris
414 4106 473 4168 vel
498 4107 699 4186 aequalium
725 4107 798 4170 eius
822 4109 996 4170 sententia
1022 4109 1153 4172 dictum
1180 4110 1318 4172 uidetur
1343 4127 1429 4172 esse.

191 4247 259 4310 x4
284 4249 462 4331 temere]
489 4255 634 4312 tenent
658 4248 699 4311 H.

190 4367 394 4432 Lectiouem
427 4371 611 4453 archetypi
643 4373 735 4435 illius
767 4372 951 4436 Fuldensis
980 4375 1197 4437 consensisse
1227 4393 1306 4438 cum
1335 4375 1487 4455 vulgata

107 4479 222 4539 temere
257 4475 474 4540 demonstrat
506 4477 706 4541 Translatio
738 4477 770 4543 S.
810 4479 1002 4542 Alexandri
1037 4479 1150 4561 (Perta
1184 4481 1336 4545 Monum.
1367 4480 1485 4548 Germ.

106 4578 181 4644 hist.
207 4582 241 4644 H
266 4587 353 4664 675).

192 4707 356 4774 XV1115
381 4709 629 4795 ambiuntur]
655 4711 834 4773 ambiunt
857 4711 898 4773 H.

191 4831 443 4911 Interpretatio
461 4851 483 4894 a
499 4832 719 4898 Schefczikio
737 4835 877 4914 prolata
894 4836 1069 4916 persuasit
1084 4836 1182 4914 mihi,
1200 4837 1391 4917 genuinam
1408 4855 1485 4901 esse

106 4936 264 5002 codicum
301 4938 488 5002 lectionem
527 4941 723 5004 ambiuntur
761 4946 796 5005 et
835 4942 992 5006 codicem
1023 4943 1056 5005 H
1092 4948 1224 5007 temere
1264 4944 1486 5023 neglegendo

107 5044 351 5125 compendium
375 5047 608 5128 corruptelae,
634 5065 702 5109 non
728 5048 982 5112 emendationis
1007 5054 1188 5114 auctorem
1212 5069 1298 5115 esse.
