3688 5908
929 518 1147 579 ..76-

522 709 607 793 Oap.
655 711 718 774 110
763 715 791 772 V
809 715 876 773 leot.
893 715 973 790 vulg.
990 715 1113 772 ababa
1256 715 1284 772 H
1308 716 1414 774 obrtobc

637 817 718 881 1119
986 822 1131 880 vandilios
1255 822 1283 879 H
1306 823 1455 894 vandalos
1480 822 1563 880 -tcos

601 924 718 988 XX19
985 929 1142 1003 pretiosior
1256 929 1348 1006 unq
1372 930 1485 1005 gratior

563 1031 669 1096 XXII
699 1037 716 1094 9
819 1036 896 1095 VOD
986 1035 1036 1094 sed
1058 1035 1090 1093 do
1255 1036 1336 1093 HAB
1359 1037 1409 1095 sod
1431 1041 1457 1095 et
1479 1037 1512 1094 de

513 1138 719 1222 XXVIIIiti
767 1143 874 1201 Vleot.
891 1143 970 1218 vulg.
986 1143 1083 1201 coruli
1255 1143 1283 1200 H
1305 1143 1408 1215 nervii,
1432 1144 1529 1201 coruli

677 1251 715 1308 21
986 1250 1072 1307 nabit
1256 1249 1296 1327 Η2
1322 1251 1408 1308 nubit

609 1351 672 1415 XL
704 1360 718 1415 1
820 1356 899 1415 VCD
990 1357 1178 1432 longobardos
1257 1357 1311 1415 HA
1335 1357 1518 1432 brpobordos

554 1459 670 1525 XLIV
702 1467 716 1522 1
818 1463 896 1524 VdD
986 1465 1050 1540 ipso
1252 1441 1332 1523 ΗΑΒ
1356 1465 1417 1540 ipso

817 1571 897 1629 VAB
987 1572 1021 1629 iu
1044 1591 1199 1630 occeanum
1252 1572 1332 1630 HCD
1355 1573 1390 1630 in
1412 1591 1534 1655 occeano
1641 1585 1643 1589 ’

435 1782 551 1865 Atque
576 1781 611 1843 in
632 1780 809 1861 plerisque
831 1781 956 1843 horum
977 1781 1134 1844 locorum
1155 1798 1229 1843 rem
1250 1781 1300 1843 ita
1317 1781 1498 1861 explicare
1516 1782 1751 1861 conabimur,
1840 1855 1841 1888 ἢ

348 1896 386 1954 ut
410 1891 644 1970 archetypum
677 1887 783 1950 aliam
816 1887 1015 1951 exhibuerit
1046 1886 1233 1951 lectionem
1258 1888 1293 1950 in
1318 1891 1426 1967 textu,
1453 1889 1558 1951 aliam
1584 1889 1621 1952 in
1648 1907 1752 1952 mar·
1840 1903 1841 1952 t

347 1997 439 2078 gine,
464 1996 555 2059 inter
580 2013 668 2076 quas
684 1993 715 2055 V
740 1994 843 2056 aliter
867 1994 1015 2073 elegerit
1039 1999 1145 2074 atque
1163 1993 1204 2057 H.
1240 1994 1388 2059 Restant
1412 1995 1480 2058 tria
1503 1996 1566 2058 illa
1590 1997 1749 2059 nomina
1840 1995 1841 2090 1

347 2104 492 2185 propria
516 2103 674 2182 obnoboe,
699 2102 817 2181 nervii,
842 2102 921 2182 abii,
952 2100 994 2164 de
1020 2102 1145 2182 quibus
1170 2101 1240 2165 iam
1265 2102 1298 2164 in
1326 2103 1443 2183 capite
1468 2103 1580 2183 primo
1605 2109 1656 2185 (p.
1688 2107 1748 2185 36)
1840 2099 1841 2106 '

347 2211 492 2292 egimus.
541 2209 638 2290 Quas
663 2226 742 2272 cum
768 2209 802 2270 in
827 2207 949 2272 codice
970 2207 1000 2270 V
1023 2227 1092 2270 non
1119 2209 1347 2289 reperiamus,
1372 2227 1432 2274 eos
1456 2209 1619 2274 codicum
1645 2209 1683 2274 H
1710 2216 1747 2273 et
1840 2257 1841 2284 .

349 2318 381 2381 V
413 2317 608 2398 archetypo
643 2317 783 2378 omnino
817 2314 1114 2378 abiudicabimus:
1151 2315 1180 2378 si
1215 2316 1308 2378 enim
1344 2316 1560 2380 exstitissent
1592 2317 1629 2378 in
1668 2317 1744 2396 illo,
1840 2329 1841 2366 1

347 2444 370 2489 a
393 2424 524 2489 codicis
549 2423 578 2484 V
603 2423 747 2485 librario
772 2422 955 2500 neglectas
979 2422 1054 2484 fore
1079 2440 1147 2483 non
1172 2426 1271 2503 puto:
1302 2426 1339 2484 at
1362 2423 1391 2484 si
1416 2423 1493 2504 quis
1517 2429 1645 2503 sumat,
1673 2423 1744 2486 has
1840 2459 1841 2500 g

349 2536 571 2597 correcturas
600 2531 777 2610 exscripto
802 2530 872 2592 iam
897 2529 1019 2592 codice
1039 2529 1070 2591 V
1095 2529 1207 2592 codici
1233 2529 1428 2611 archetypo
1453 2529 1572 2592 illatas
1597 2549 1679 2594 esse
1706 2533 1744 2592 et
1840 2575 1841 2622 p

348 2646 420 2702 tum
446 2637 650 2718 pervenisse
680 2636 714 2697 in
740 2635 896 2698 codicem
927 2635 969 2713 H,
999 2653 1065 2715 ego
1093 2635 1187 2699 hanc
1216 2635 1419 2716 explicandi
1443 2636 1540 2698 viam
1569 2638 1744 2701 artificio·
1840 2639 1841 2668 ³

347 2746 475 2808 siorem
500 2762 576 2806 esse
600 2743 808 2806 existimem.
855 2743 977 2823 Neque
1003 2761 1024 2805 a
1047 2744 1219 2823 scriptore
1244 2742 1376 2807 codicis
1399 2743 1432 2806 H
1460 2745 1625 2807 inventas
1658 2762 1741 2808 esse

347 2852 413 2915 has
443 2851 612 2914 lectiones
643 2850 816 2929 genuinas
848 2856 932 2930 puto
961 2889 1004 2897 -
1033 2850 1091 2930 qui
1121 2849 1184 2912 tali
1209 2867 1279 2911 non
1308 2853 1360 2913 est
1384 2850 1525 2929 ingenio
1551 2891 1592 2898 --
1617 2869 1740 2932 neque
1840 2843 1841 2848 ’

348 2965 472 3040 postea
496 2961 679 3019 correctae
704 2961 793 3035 sunt,
820 2961 857 3018 ut
881 2975 900 3018 e
922 2956 1170 3019 collationibus
1188 2963 1355 3036 apparet:
1381 2974 1472 3038 quae
1489 2975 1570 3020 cum
1586 2957 1638 3020 ita
1654 2959 1738 3036 sint,

348 3066 469 3128 facere
497 3064 567 3126 iam
599 3082 668 3125 non
699 3081 840 3144 possum
872 3064 954 3144 quin
987 3062 1149 3144 iudicem,
1182 3068 1254 3125 tres
1285 3063 1348 3126 bas
1376 3064 1546 3127 lectiones
1575 3067 1740 3148 abnobae,

348 3171 467 3250 nortui,
484 3170 554 3232 obii
571 3171 711 3233 omnino
729 3171 934 3233 lectionesa
951 3170 1072 3233 codice
1086 3169 1118 3232 H
1132 3170 1267 3232 alienas
1283 3188 1370 3249 esse,
1388 3188 1476 3251 quas
1489 3170 1682 3251 Longolius
1696 3212 1740 3220 -
1840 3217 1841 3256 q

348 3277 447 3341 ouius
482 3277 516 3338 in
553 3278 742 3340 collatione
778 3278 854 3340 sola
888 3277 1112 3357 reperiuntur
1148 3318 1190 3323 -
1222 3277 1287 3340 sibi
1323 3278 1492 3358 enotavit,
1529 3283 1567 3340 ut
1600 3283 1740 3342 textum

348 3383 511 3446 editionis
519 3383 747 3447 Lotterianae
758 3385 962 3465 corrigeret,
977 3402 1045 3446 non
1058 3389 1095 3446 ut
1105 3388 1346 3464 praestantem
1356 3383 1739 3450 codicisHummeliani

351 3491 538 3554 lectionem
563 3491 745 3554 indicaret.

437 3633 513 3696 Iam
538 3634 580 3695 de
607 3633 812 3696 differentiis
837 3632 997 3696 codicum
1018 3632 1050 3695 H
1068 3637 1102 3695 et
1119 3632 1149 3695 V
1166 3633 1310 3712 egimus
1333 3650 1483 3714 cumque
1500 3633 1592 3696 aliae
1615 3635 1737 3698 nullae

347 3739 575 3802 inveniantur
596 3739 854 3820 discrepantiae
879 3746 1022 3821 praeter
1047 3739 1121 3818 hae,
1145 3756 1232 3819 quas
1259 3739 1341 3820 dixi,
1364 3739 1641 3804 demonstratum
1664 3743 1736 3805 iam

347 3864 424 3909 esse
441 3855 536 3926 puto,
560 3864 619 3908 eos
645 3864 688 3908 ex
713 3864 780 3908 uno
809 3846 1002 3926 eodemque
1028 3845 1223 3926 archetypo
1251 3846 1391 3909 duxisse
1416 3847 1596 3926 originem.
1632 3847 1738 3929 Quod

350 3953 584 4032 archetypum
608 3953 728 4015 littera
743 3956 763 4018 ὁ
781 3953 968 4032 signemus
987 3959 1022 4014 et
1039 3952 1081 4015 de
1098 3951 1166 4016 hoc
1182 3952 1257 4032 ipso
1275 3952 1407 4032 codice,
1425 3953 1454 4015 si
1470 3954 1599 4033 placet,
1618 3972 1737 4034 pauca
1840 4031 1841 4036 ἵ

349 4077 506 4138 agamus.
532 4059 690 4140 Scriptus
707 4064 783 4122 erat
801 4065 882 4122 ante
900 4077 1031 4122 annum
1051 4065 1133 4125 1466
1151 4077 1185 4140 p.
1204 4057 1283 4123 Chr.
1301 4078 1346 4140 n.,
1368 4077 1436 4140 quo
1458 4077 1550 4122 anno
1575 4059 1736 4125 codicem

351 4165 657 4228 Vindobouensem
691 4172 876 4230 exaratum
907 4185 983 4228 esse
1015 4171 1163 4234 constat.
1195 4171 1231 4228 et
1263 4175 1342 4246 post
1373 4185 1505 4229 annum
1537 4172 1632 4246 1457,
1666 4184 1735 4249 quo

352 4290 445 4336 anno
473 4272 618 4337 Henoch
646 4275 844 4338 Asculanos
873 4273 1116 4353 apographum
1147 4272 1234 4335 illud
1262 4272 1393 4336 codicis
1422 4272 1625 4338 Germanici
1655 4293 1734 4338 con-

352 4380 436 4442 iecit
461 4381 517 4464 (ci.
542 4379 803 4451 Reifferscheid,
832 4381 925 4443 Suet.
951 4380 1026 4442 reli.
1052 4397 1084 4460 p.
1109 4385 1174 4446 410
1198 4384 1301 4460 sqq.):
1335 4398 1416 4442 uam
1448 4381 1607 4443 codicem
1640 4385 1660 4447 d
1690 4397 1734 4444 ex

350 4487 417 4550 hoc
443 4487 650 4567 apographo
675 4486 904 4549 Henochiano
929 4486 1084 4567 pendere
1108 4493 1244 4548 certum
1268 4495 1335 4548 est:
1360 4487 1473 4566 primo
1500 4487 1592 4549 enim
1616 4487 1734 4568 capite

350 4592 510 4657 codicem
534 4592 566 4656 H
591 4612 634 4656 ex
659 4592 718 4655 illo
743 4592 898 4672 pendere
929 4591 1178 4670 demonstravi,
1208 4592 1317 4672 isque,
1350 4598 1387 4654 ut
1417 4610 1511 4656 nunc
1543 4594 1733 4672 arguimus,

349 4718 369 4762 e
401 4701 523 4763 codice
555 4704 575 4766 ὁ
605 4700 803 4780 exscriptus
834 4708 903 4762 est:
939 4699 1059 4780 itaque
1090 4705 1125 4762 et
1155 4700 1214 4764 hic
1244 4704 1263 4766 d
1295 4700 1340 4763 ad
1371 4701 1542 4764 Italorum
1572 4701 1735 4766 codicum

352 4805 523 4869 familiam
547 4806 718 4887 pertinet:
743 4825 858 4888 neque
883 4806 1074 4888 quidquam
1099 4807 1181 4871 huic
1209 4808 1507 4886 argumentationi
1532 4827 1735 4889 repugnare

349 4911 466 4976 viden.
512 4912 703 4977 Praeterea
727 4914 805 4976 veri
835 4914 948 4978 simile
981 4921 1043 4992 est,
1073 4912 1167 4977 hunc
1192 4912 1351 4977 codicem
1375 4914 1410 4976 in
1434 4914 1541 4977 Italia
1563 4916 1734 4996 scriptum

350 5038 438 5091 esse,
470 5039 551 5084 cum
583 5038 675 5083 anno
710 5025 794 5087 1466
824 5021 957 5084 Romae
990 5021 1094 5084 fuerit
1125 5021 1182 5102 (ci.
1207 5022 1501 5102 subscriptionem
1525 5020 1659 5085 codicis
1683 5020 1734 5101 V).
