3688 5908
607 1785 1033 1901 Conclusio.
1060 1807 1067 1894 3

746 2037 903 2044 ——-—-—-

221 2213 255 2277 si
279 2214 349 2276 iam
373 2211 581 2293 respicimus
605 2210 650 2273 ad
674 2211 890 2291 propositum
916 2214 1072 2273 nostrum
1098 2217 1133 2272 et
1157 2210 1327 2291 videmus,
1353 2212 1521 2293 quidnam

126 2319 306 2402 placuerit
330 2337 375 2382 ex
398 2317 544 2381 Holderi
569 2322 603 2381 et
626 2317 833 2380 Baehrensii
865 2317 1125 2397 opinationibus
1157 2317 1199 2380 de
1232 2317 1412 2382 codicibus
1438 2317 1521 2382 Ger-

127 2427 272 2491 maniae
306 2425 536 2504 Germanicis,
571 2424 655 2486 nihil
690 2424 831 2486 illarum
864 2423 1001 2486 restitit.
1054 2423 1206 2486 Primum
1242 2425 1383 2487 omnino
1419 2426 1523 2488 aliter

128 2533 396 2598 aestimavimus
427 2531 580 2612 pretium
608 2529 770 2594 codicum
794 2531 934 2593 illorum
966 2536 1072 2610 atque
1097 2530 1133 2593 hi
1157 2531 1225 2592 viri
1257 2530 1361 2611 docti,
1395 2532 1521 2596 deinde

131 2640 292 2704 codicem
308 2638 341 2702 H
366 2638 411 2700 ad
436 2636 681 2718 apographum
702 2636 970 2700 Henoehianum
995 2637 1204 2717 rettulimus,
1229 2642 1302 2699 tom
1324 2638 1483 2702 codicem
1504 2666 1523 2726 y
1592 2654 1594 2657 ·

131 2746 274 2810 omnino
303 2744 478 2808 exstitisse
512 2744 731 2824 negavimus.
780 2744 868 2807 Nam
901 2761 1074 2825 perquam
1108 2744 1249 2808 difficile
1282 2750 1345 2824 est,
1379 2726 1522 2809 remotis

131 2853 294 2917 omnibus
323 2851 598 2914 dubitationibus
628 2850 714 2913 duos
744 2851 884 2915 codices
909 2851 1069 2932 opusculi
1094 2850 1229 2915 Tacitei
1254 2852 1314 2914 uni
1338 2852 1523 2933 eidemque

131 2960 329 3040 archetypo
365 2958 535 3038 tribuere,
571 2957 638 3020 nisi
674 2958 834 3037 singulae
870 2957 1041 3021 lectiones
1076 2958 1166 3020 tales
1202 2964 1291 3037 sunt,
1328 2959 1452 3039 quales
1487 2960 1521 3022 in

132 3065 314 3130 codicibus
334 3064 367 3128 H
387 3071 421 3127 et
442 3063 474 3126 V
492 3064 599 3126 fuisse
621 3063 782 3126 vidimus.
818 3062 912 3143 Quot
929 3063 1021 3126 enim
1039 3067 1181 3126 exstant
1203 3065 1343 3128 codices
1366 3065 1524 3129 libellum

132 3173 231 3236 illum
261 3189 408 3234 aureum
439 3171 670 3250 continentes
700 3170 745 3232 ad
777 3170 871 3234 hunc
900 3169 1091 3233 diemnuon
1120 3171 1171 3232 ita
1194 3171 1334 3234 excussi
1358 3179 1448 3251 sunt,
1474 3178 1521 3253 ut,

133 3279 219 3360 quid
255 3279 403 3360 quisque
439 3277 616 3357 exhibeat,
650 3278 735 3339 satis
771 3282 917 3340 constet.
954 3276 1129 3356 Fortasse,
1163 3278 1192 3340 si
1226 3279 1367 3359 quando
1402 3297 1523 3342 omnes

132 3387 254 3450 collati
271 3391 384 3464 erunt,
403 3384 470 3447 duo
488 3384 635 3465 quilibet
652 3383 802 3463 codices,
826 3384 885 3465 qui
901 3402 998 3447 nunc
1011 3384 1103 3446 inter
1120 3402 1157 3446 se
1174 3384 1340 3448 simillimi
1356 3386 1523 3448 videntur

133 3512 220 3573 esse,
247 3491 430 3555 dissimiles
455 3491 620 3570 evadent,
645 3495 680 3553 et
705 3490 772 3553 duo
798 3491 868 3570 alii,
890 3491 949 3571 qui
965 3509 1060 3554 nunc
1076 3491 1198 3571 procul
1217 3491 1308 3554 inter
1325 3511 1362 3555 se
1380 3493 1521 3572 distant,

134 3604 211 3663 arto
228 3597 449 3678 cognationis
462 3597 605 3661 vinculo
620 3597 799 3661 coniuncti
812 3616 888 3660 esse
902 3597 1125 3660 videbuntur.
1150 3597 1315 3661 Fortasse
1329 3599 1523 3664 etiamtum

133 3707 195 3769 alii
212 3705 355 3786 ¹cognati
372 3705 533 3769 codicum
546 3704 581 3766 M
594 3703 664 3777 etS
681 3706 915 3785 apparebunt,
930 3722 1017 3785 quos
1033 3709 1094 3768 aut
1108 3723 1187 3768 cum
1200 3704 1235 3767 M
1252 3711 1313 3767 aut
1330 3685 1445 3769 cumS
1463 3708 1522 3769 uni

133 3812 318 3893 eidemque
351 3810 546 3892 archetypo
579 3811 734 3874 tribuere
766 3812 905 3875 licebit:
945 3830 1035 3874 nam·
1061 3852 1104 3859 —
1135 3812 1171 3874 id
1203 3811 1296 3892 quod
1326 3804 1421 3877 nunc
1451 3813 1522 3878 iarn

133 3918 306 3999 suspicari
331 3917 477 3981 licet-
499 3917 613 3981 codex
637 3917 671 3980 M
695 3920 839 4003 propius
864 3917 909 3980 ad
934 3917 1092 3981 codicem
1117 3917 1359 3981 Florentinum
1384 3920 1523 3984 accedit
1571 3968 1572 3971 η

134 4043 238 4107 quam
262 4025 308 4088 ad
329 4009 655 4104 Stuttgartiensem:
683 4042 754 4105 qua
776 4024 818 4088 de
840 4042 878 4086 re
900 4025 1064 4088 conferas
1085 4025 1300 4087 Massmanni
1322 4025 1522 4106 editionem,

134 4132 305 4213 imprimis
329 4149 362 4212 p.
389 4137 418 4196 5.
464 4130 667 4210 Praeterea,
697 4131 725 4193 si
754 4131 816 4193 tibi
835 4131 964 4193 animo
988 4131 1101 4210 fingis,
1132 4133 1304 4212 quomodo
1329 4133 1393 4195 sub
1418 4133 1523 4195 finem

134 4239 267 4303 saeculi
296 4237 362 4301 XV
386 4245 588 4320 propagata
618 4239 663 4302 sit
693 4239 804 4301 libelli
832 4239 942 4301 nostri
973 4241 1155 4315 memoria,
1186 4239 1381 4319 intelleges,
1416 4257 1522 4319 quam

137 4345 277 4410 difficile
294 4346 349 4425 sit,
364 4345 575 4419 deteriorum
592 4346 753 4410 codicum
767 4347 802 4408 in
817 4364 879 4408 suo
893 4363 1067 4427 quemque
1081 4346 1275 4408 stemmatis
1288 4346 1365 4409 loco
1379 4364 1522 4426 ponere.

134 4452 224 4516 Nam
262 4457 300 4515 ut
338 4453 548 4516 nostratium
588 4453 723 4515 animos
761 4458 949 4514 moverunt
986 4450 1175 4514 Herondae
1215 4452 1407 4516 Mimiambi
1446 4453 1522 4516 sive

131 4559 348 4640 Respublica
372 4559 639 4622 Atheniensium
664 4559 778 4623 denuo
803 4563 956 4640 reperta,
981 4560 1031 4622 ita
1055 4559 1151 4622 viros
1176 4559 1297 4624 doctos
1321 4559 1414 4622 illius
1440 4563 1523 4622 tem-

132 4666 227 4748 poris
251 4666 362 4729 movit
386 4667 526 4734 libellus
550 4667 610 4730 ille
636 4665 810 4746 Taciteus,
837 4668 882 4730 ab
905 4665 1075 4730 Henoeho
1104 4651 1284 4730 inlueem
1313 4672 1522 4729 revocatus:

131 4790 254 4836 omnes
292 4779 377 4837 tunc
415 4773 637 4855 exemplaria
677 4773 927 4836 desiderabant
962 4773 1064 4836 huius
1100 4773 1238 4853 cimelii,
1273 4778 1309 4836 et
1344 4791 1363 4836 e
1398 4773 1522 4854 paucis

131 4880 382 4961 manuscriptis
406 4880 587 4944 codicibus
611 4881 928 4961 praestantioribus
959 4880 1060 4942 multi
1089 4860 1294 4942 oriebantur
1318 4879 1521 4942 deteriores.

132 4986 302 5068 Quorum,
328 4992 499 5066 quantum
524 4985 665 5068 quidem
691 4987 878 5050 aestimare
902 5004 1097 5067 possumne,
1122 4986 1216 5048 intra
1239 4985 1386 5066 triginta
1410 5003 1522 5048 annos

1365 5112 1414 5161 16*
