<?xml version="1.0" encoding="UTF-8"?>
<!DOCTYPE html PUBLIC "-//W3C//DTD XHTML 1.0 Transitional//EN"
    "http://www.w3.org/TR/xhtml1/DTD/xhtml1-transitional.dtd">
<html xmlns="http://www.w3.org/1999/xhtml" xml:lang="en" lang="en">
 <head>
  <title>
</title>
<meta http-equiv="Content-Type" content="text/html;charset=utf-8" />
  <meta name='ocr-system' content='tesseract 3.04.00' />
  <meta name='ocr-capabilities' content='ocr_page ocr_carea ocr_par ocr_line ocrx_word'/>
</head>
<body>
  <div class='ocr_page' id='page_1' title='image "./detacitigermani00wuengoog_0062.png"; bbox 0 0 3682 5912; ppageno 0'>
   <div class='ocr_carea' id='block_1_1' title="bbox 182 794 1349 1000">
    <p class='ocr_par' dir='ltr' id='par_1_1' title="bbox 182 794 1349 1000">
     <span class='ocr_line' id='line_1_1' title="bbox 182 794 1349 1000; baseline 0.003 -134"><span class='ocrx_word' id='word_1_1' title='bbox 182 893 188 904; x_wconf 24' lang='grc' dir='ltr'>ι</span> <span class='ocrx_word' id='word_1_2' title='bbox 352 809 449 867; x_wconf 72' lang='lat' dir='ltr'>nona</span> <span class='ocrx_word' id='word_1_3' title='bbox 714 846 743 904; x_wconf 74' lang='grc' dir='ltr'>Η</span> <span class='ocrx_word' id='word_1_4' title='bbox 886 794 889 1000; x_wconf 53' lang='grc'><strong><em>4</em></strong></span> <span class='ocrx_word' id='word_1_5' title='bbox 1039 846 1064 902; x_wconf 62' lang='lat' dir='ltr'>V</span> <span class='ocrx_word' id='word_1_6' title='bbox 1329 845 1349 907; x_wconf 58' lang='grc' dir='ltr'><strong><em>ὅ</em></strong></span> 
     </span>
     <span class='ocr_line' id='line_1_2' title="bbox 291 898 507 957; baseline -0.005 -1"><span class='ocrx_word' id='word_1_7' title='bbox 291 898 507 957; x_wconf 79' lang='lat' dir='ltr'>Muellenhoftii</span> 
     </span>
    </p>
   </div>
   <div class='ocr_carea' id='block_1_2' title="bbox 185 1028 1428 3008">
    <p class='ocr_par' dir='ltr' id='par_1_2' title="bbox 185 1028 1428 3008">
     <span class='ocr_line' id='line_1_3' title="bbox 199 1028 1355 1119; baseline -0.002 0"><span class='ocrx_word' id='word_1_8' title='bbox 199 1071 214 1119; x_wconf 88' lang='grc'>9</span> <span class='ocrx_word' id='word_1_9' title='bbox 314 1058 490 1116; x_wconf 86' lang='lat' dir='ltr'>denuntiant</span> <span class='ocrx_word' id='word_1_10' title='bbox 562 1031 565 1115; x_wconf 83' lang='lat' dir='ltr'>l</span> <span class='ocrx_word' id='word_1_11' title='bbox 712 1084 742 1092; x_wconf 89' lang='lat'><em>-</em></span> <span class='ocrx_word' id='word_1_12' title='bbox 961 1059 1137 1118; x_wconf 80' lang='lat' dir='ltr'>denunciant</span> <span class='ocrx_word' id='word_1_13' title='bbox 1210 1028 1212 1105; x_wconf 72' lang='lat' dir='ltr'>l</span> <span class='ocrx_word' id='word_1_14' title='bbox 1323 1085 1355 1093; x_wconf 88' lang='lat'><em>-</em></span> 
     </span>
     <span class='ocr_line' id='line_1_4' title="bbox 278 1135 1428 1233; baseline 0.002 -27"><span class='ocrx_word' id='word_1_15' title='bbox 278 1148 322 1206; x_wconf 89' lang='lat' dir='ltr'>sic</span> <span class='ocrx_word' id='word_1_16' title='bbox 343 1147 527 1224; x_wconf 87' lang='lat' dir='ltr'>pereundmn</span> <span class='ocrx_word' id='word_1_17' title='bbox 562 1135 563 1209; x_wconf 83' lang='lat' dir='ltr'>l</span> <span class='ocrx_word' id='word_1_18' title='bbox 608 1148 651 1206; x_wconf 87' lang='lat' dir='ltr'>sic</span> <span class='ocrx_word' id='word_1_19' title='bbox 673 1149 848 1224; x_wconf 86' lang='lat' dir='ltr'>pariendum</span> <span class='ocrx_word' id='word_1_20' title='bbox 886 1194 888 1233; x_wconf 39' lang='lat' dir='ltr'><em>s</em></span> <span class='ocrx_word' id='word_1_21' title='bbox 936 1149 1163 1224; x_wconf 84' lang='lat' dir='ltr'>..pariendum</span> <span class='ocrx_word' id='word_1_22' title='bbox 1210 1142 1212 1207; x_wconf 78' lang='grc' dir='ltr'>Ξ</span> <span class='ocrx_word' id='word_1_23' title='bbox 1252 1149 1428 1226; x_wconf 87' lang='lat' dir='ltr'>pariendum</span> 
     </span>
     <span class='ocr_line' id='line_1_5' title="bbox 352 1216 1356 1337; baseline 0 -42"><span class='ocrx_word' id='word_1_24' title='bbox 352 1237 455 1295; x_wconf 90' lang='lat' dir='ltr'>reddat</span> <span class='ocrx_word' id='word_1_25' title='bbox 561 1216 563 1337; x_wconf 56' lang='lat' dir='ltr'>l</span> <span class='ocrx_word' id='word_1_26' title='bbox 709 1263 741 1270; x_wconf 84' lang='lat'>·-</span> <span class='ocrx_word' id='word_1_27' title='bbox 885 1246 887 1263; x_wconf 74' lang='lat'><strong><em>¹</em></strong></span> <span class='ocrx_word' id='word_1_28' title='bbox 1001 1239 1105 1296; x_wconf 88' lang='lat' dir='ltr'>reddat</span> <span class='ocrx_word' id='word_1_29' title='bbox 1210 1286 1212 1296; x_wconf 92' lang='lat'><em>.</em></span> <span class='ocrx_word' id='word_1_30' title='bbox 1323 1264 1356 1272; x_wconf 93' lang='lat'><em>-</em></span> 
     </span>
     <span class='ocr_line' id='line_1_6' title="bbox 319 1343 1130 1403; baseline 0.001 -20"><span class='ocrx_word' id='word_1_31' title='bbox 319 1343 482 1402; x_wconf 80' lang='lat' dir='ltr'>rursusque</span> <span class='ocrx_word' id='word_1_32' title='bbox 631 1345 735 1384; x_wconf 88' lang='lat' dir='ltr'>rursus</span> <span class='ocrx_word' id='word_1_33' title='bbox 758 1345 815 1403; x_wconf 91' lang='lat' dir='ltr'>que</span> <span class='ocrx_word' id='word_1_34' title='bbox 969 1345 1130 1403; x_wconf 85' lang='lat' dir='ltr'>rursusque</span> 
     </span>
     <span class='ocr_line' id='line_1_7' title="bbox 318 1415 1211 1480; baseline 0 -8"><span class='ocrx_word' id='word_1_35' title='bbox 318 1415 482 1473; x_wconf 72' lang='lat' dir='ltr'>referantur</span> <span class='ocrx_word' id='word_1_36' title='bbox 709 1441 741 1448; x_wconf 87' lang='grc'><strong>-</strong></span> <span class='ocrx_word' id='word_1_37' title='bbox 967 1417 1131 1474; x_wconf 86' lang='lat' dir='ltr'>referantur</span> <span class='ocrx_word' id='word_1_38' title='bbox 1209 1450 1211 1480; x_wconf 64' lang='lat' dir='ltr'>a</span> 
     </span>
     <span class='ocr_line' id='line_1_8' title="bbox 352 1509 1064 1580; baseline 0 -18"><span class='ocrx_word' id='word_1_39' title='bbox 352 1509 453 1579; x_wconf 84' lang='lat' dir='ltr'>saepta</span> <span class='ocrx_word' id='word_1_40' title='bbox 684 1511 766 1580; x_wconf 83' lang='lat' dir='ltr'>septa</span> <span class='ocrx_word' id='word_1_41' title='bbox 1032 1531 1064 1538; x_wconf 94' lang='lat'>-</span> 
     </span>
     <span class='ocr_line' id='line_1_9' title="bbox 326 1589 1063 1669; baseline 0.004 -19"><span class='ocrx_word' id='word_1_42' title='bbox 326 1593 471 1668; x_wconf 85' lang='lat' dir='ltr'>pudicitia</span> <span class='ocrx_word' id='word_1_43' title='bbox 653 1594 800 1669; x_wconf 81' lang='lat' dir='ltr'>pudicicia</span> <span class='ocrx_word' id='word_1_44' title='bbox 842 1589 844 1594; x_wconf 70' lang='grc'><strong>’</strong></span> <span class='ocrx_word' id='word_1_45' title='bbox 1032 1620 1063 1627; x_wconf 94' lang='grc'>-</span> 
     </span>
     <span class='ocr_line' id='line_1_10' title="bbox 355 1681 1098 1741; baseline 0.001 -2"><span class='ocrx_word' id='word_1_46' title='bbox 355 1681 444 1740; x_wconf 87' lang='lat' dir='ltr'>nullis</span> <span class='ocrx_word' id='word_1_47' title='bbox 708 1709 741 1716; x_wconf 94' lang='lat'><em>-</em></span> <span class='ocrx_word' id='word_1_48' title='bbox 1000 1683 1098 1741; x_wconf 87' lang='lat' dir='ltr'>nullus</span> 
     </span>
     <span class='ocr_line' id='line_1_11' title="bbox 321 1776 1114 1848; baseline 0 -18"><span class='ocrx_word' id='word_1_49' title='bbox 321 1776 474 1847; x_wconf 83' lang='lat' dir='ltr'>corruptae</span> <span class='ocrx_word' id='word_1_50' title='bbox 708 1798 741 1806; x_wconf 94' lang='grc'>-</span> <span class='ocrx_word' id='word_1_51' title='bbox 978 1779 1114 1848; x_wconf 84' lang='lat' dir='ltr'>corrupte</span> 
     </span>
     <span class='ocr_line' id='line_1_12' title="bbox 316 1845 1212 1937; baseline -0.002 -20"><span class='ocrx_word' id='word_1_52' title='bbox 316 1860 426 1935; x_wconf 89' lang='lat' dir='ltr'>pariter</span> <span class='ocrx_word' id='word_1_53' title='bbox 449 1878 483 1918; x_wconf 89' lang='lat' dir='ltr'>ac</span> <span class='ocrx_word' id='word_1_54' title='bbox 640 1861 749 1937; x_wconf 87' lang='lat' dir='ltr'>pariter</span> <span class='ocrx_word' id='word_1_55' title='bbox 771 1879 806 1919; x_wconf 91' lang='lat' dir='ltr'>ae</span> <span class='ocrx_word' id='word_1_56' title='bbox 969 1862 1124 1937; x_wconf 78' lang='lat' dir='ltr'>pariter&amp;</span> <span class='ocrx_word' id='word_1_57' title='bbox 1210 1845 1212 1915; x_wconf 83' lang='lat' dir='ltr'>l</span> 
     </span>
     <span class='ocr_line' id='line_1_13' title="bbox 337 1927 1212 2010; baseline 0.002 -3"><span class='ocrx_word' id='word_1_58' title='bbox 337 1949 461 2007; x_wconf 88' lang='lat' dir='ltr'>abscisis</span> <span class='ocrx_word' id='word_1_59' title='bbox 707 1975 739 1982; x_wconf 89' lang='lat'><em>-</em></span> <span class='ocrx_word' id='word_1_60' title='bbox 988 1951 1110 2010; x_wconf 87' lang='lat' dir='ltr'>abscisis</span> <span class='ocrx_word' id='word_1_61' title='bbox 1210 1927 1212 1993; x_wconf 69' lang='lat' dir='ltr'>l</span> 
     </span>
     <span class='ocr_line' id='line_1_14' title="bbox 255 2039 1206 2115; baseline -0.001 -18"><span class='ocrx_word' id='word_1_62' title='bbox 255 2056 333 2114; x_wconf 89' lang='lat' dir='ltr'>oper</span> <span class='ocrx_word' id='word_1_63' title='bbox 340 2039 559 2096; x_wconf 84' lang='lat' dir='ltr'>omnemvicum</span> <span class='ocrx_word' id='word_1_64' title='bbox 621 2043 651 2097; x_wconf 89' lang='lat' dir='ltr'>et</span> <span class='ocrx_word' id='word_1_65' title='bbox 675 2057 728 2114; x_wconf 89' lang='lat' dir='ltr'>per</span> <span class='ocrx_word' id='word_1_66' title='bbox 746 2085 752 2097; x_wconf 95' lang='lat'><strong>.</strong></span> <span class='ocrx_word' id='word_1_67' title='bbox 770 2086 775 2097; x_wconf 95' lang='lat'><em>.</em></span> <span class='ocrx_word' id='word_1_68' title='bbox 792 2085 798 2097; x_wconf 89' lang='lat'>.</span> <span class='ocrx_word' id='word_1_69' title='bbox 816 2085 822 2097; x_wconf 89' lang='lat'>.</span> <span class='ocrx_word' id='word_1_70' title='bbox 889 2041 1206 2115; x_wconf 82' lang='lat' dir='ltr'>acperomnemvicuin</span> 
     </span>
     <span class='ocr_line' id='line_1_15' title="bbox 321 2127 1354 2203; baseline 0.007 -20"><span class='ocrx_word' id='word_1_71' title='bbox 321 2127 481 2203; x_wconf 87' lang='lat' dir='ltr'>pudicitiae</span> <span class='ocrx_word' id='word_1_72' title='bbox 650 2129 794 2203; x_wconf 86' lang='lat' dir='ltr'>pudicicie</span> <span class='ocrx_word' id='word_1_73' title='bbox 1031 2154 1063 2162; x_wconf 86' lang='lat'><em>-</em></span> <span class='ocrx_word' id='word_1_74' title='bbox 1322 2154 1354 2161; x_wconf 85' lang='lat'><em>-</em></span> 
     </span>
     <span class='ocr_line' id='line_1_16' title="bbox 327 2196 1410 2277; baseline 0.005 -4"><span class='ocrx_word' id='word_1_75' title='bbox 327 2216 474 2274; x_wconf 84' lang='lat' dir='ltr'>invenerit</span> <span class='ocrx_word' id='word_1_76' title='bbox 653 2217 795 2276; x_wconf 84' lang='lat' dir='ltr'>invenerit</span> <span class='ocrx_word' id='word_1_77' title='bbox 977 2218 1118 2276; x_wconf 83' lang='lat' dir='ltr'>invenerit</span> <span class='ocrx_word' id='word_1_78' title='bbox 1209 2196 1211 2270; x_wconf 75' lang='lat' dir='ltr'>l</span> <span class='ocrx_word' id='word_1_79' title='bbox 1266 2219 1410 2277; x_wconf 85' lang='lat' dir='ltr'>invenerit</span> 
     </span>
     <span class='ocr_line' id='line_1_17' title="bbox 361 2292 1354 2375; baseline 0.004 -14"><span class='ocrx_word' id='word_1_80' title='bbox 361 2305 433 2363; x_wconf 87' lang='lat' dir='ltr'>vitia</span> <span class='ocrx_word' id='word_1_81' title='bbox 544 2295 549 2316; x_wconf 71' lang='lat'><strong>¹</strong></span> <span class='ocrx_word' id='word_1_82' title='bbox 685 2306 760 2364; x_wconf 87' lang='lat' dir='ltr'>vicia</span> <span class='ocrx_word' id='word_1_83' title='bbox 1031 2333 1063 2340; x_wconf 86' lang='lat'>-</span> <span class='ocrx_word' id='word_1_84' title='bbox 1208 2292 1211 2375; x_wconf 72' lang='lat' dir='ltr'>i</span> <span class='ocrx_word' id='word_1_85' title='bbox 1321 2333 1354 2340; x_wconf 92' lang='lat'>·-</span> 
     </span>
     <span class='ocr_line' id='line_1_18' title="bbox 265 2391 1211 2471; baseline 0.006 -20"><span class='ocrx_word' id='word_1_86' title='bbox 265 2412 322 2452; x_wconf 92' lang='lat' dir='ltr'>nec</span> <span class='ocrx_word' id='word_1_87' title='bbox 346 2412 532 2469; x_wconf 84' lang='lat' dir='ltr'>corrumpere</span> <span class='ocrx_word' id='word_1_88' title='bbox 707 2419 740 2427; x_wconf 91' lang='lat'>-</span> <span class='ocrx_word' id='word_1_89' title='bbox 919 2415 971 2454; x_wconf 92' lang='lat' dir='ltr'>nec</span> <span class='ocrx_word' id='word_1_90' title='bbox 994 2414 1180 2495; x_wconf 79' lang='lat' dir='ltr'>corrumpere</span> <span class='ocrx_word' id='word_1_91' title='bbox 1209 2391 1211 2457; x_wconf 81' lang='lat' dir='ltr'>l</span> 
     </span>
     <span class='ocr_line' id='line_1_19' title="bbox 297 2466 1251 2560; baseline -0.001 -19"><span class='ocrx_word' id='word_1_92' title='bbox 297 2488 328 2541; x_wconf 94' lang='lat' dir='ltr'>et</span> <span class='ocrx_word' id='word_1_93' title='bbox 350 2483 496 2558; x_wconf 89' lang='lat' dir='ltr'>corrumpi</span> <span class='ocrx_word' id='word_1_94' title='bbox 953 2503 1006 2542; x_wconf 88' lang='lat' dir='ltr'>nec</span> <span class='ocrx_word' id='word_1_95' title='bbox 1029 2486 1142 2560; x_wconf 87' lang='lat' dir='ltr'>corrupi</span> <span class='ocrx_word' id='word_1_96' title='bbox 1208 2466 1210 2540; x_wconf 82' lang='lat' dir='ltr'>l</span> <span class='ocrx_word' id='word_1_97' title='bbox 1250 2497 1251 2502; x_wconf 74' lang='grc'>’</span> 
     </span>
     <span class='ocr_line' id='line_1_20' title="bbox 185 2546 1210 2669; baseline 0.001 -39"><span class='ocrx_word' id='word_1_98' title='bbox 185 2592 212 2639; x_wconf 90' lang='lat'>11</span> <span class='ocrx_word' id='word_1_99' title='bbox 252 2571 372 2648; x_wconf 88' lang='lat' dir='ltr'>quidem</span> <span class='ocrx_word' id='word_1_100' title='bbox 385 2572 543 2630; x_wconf 83' lang='lat' dir='ltr'>adhuceae</span> <span class='ocrx_word' id='word_1_101' title='bbox 682 2629 686 2634; x_wconf 84' lang='grc'><strong>,</strong></span> <span class='ocrx_word' id='word_1_102' title='bbox 894 2574 1144 2650; x_wconf 76' lang='lat' dir='ltr'>quidcmdradhuc</span> <span class='ocrx_word' id='word_1_103' title='bbox 1139 2546 1210 2669; x_wconf 76' lang='lat' dir='ltr'>cael</span> 
     </span>
     <span class='ocr_line' id='line_1_21' title="bbox 185 2666 1084 2738; baseline 0.001 -19"><span class='ocrx_word' id='word_1_104' title='bbox 185 2681 214 2728; x_wconf 70' lang='lat'>13</span> <span class='ocrx_word' id='word_1_105' title='bbox 320 2666 471 2737; x_wconf 90' lang='lat' dir='ltr'>tamquam</span> <span class='ocrx_word' id='word_1_106' title='bbox 1012 2666 1084 2738; x_wconf 84' lang='lat' dir='ltr'>tanq</span> 
     </span>
     <span class='ocr_line' id='line_1_22' title="bbox 185 2746 1096 2836; baseline 0.005 -30"><span class='ocrx_word' id='word_1_107' title='bbox 185 2770 214 2818; x_wconf 72' lang='lat'>17</span> <span class='ocrx_word' id='word_1_108' title='bbox 349 2756 447 2808; x_wconf 90' lang='lat' dir='ltr'>ament</span> <span class='ocrx_word' id='word_1_109' title='bbox 884 2746 886 2836; x_wconf 66' lang='lat' dir='ltr'>l</span> <span class='ocrx_word' id='word_1_110' title='bbox 998 2759 1096 2811; x_wconf 88' lang='lat' dir='ltr'>ament</span> 
     </span>
     <span class='ocr_line' id='line_1_23' title="bbox 319 2838 1125 2900; baseline 0.005 -4"><span class='ocrx_word' id='word_1_111' title='bbox 319 2838 477 2898; x_wconf 84' lang='lat' dir='ltr'>liberorum</span> <span class='ocrx_word' id='word_1_112' title='bbox 969 2841 1125 2900; x_wconf 89' lang='lat' dir='ltr'>liberorum</span> 
     </span>
     <span class='ocr_line' id='line_1_24' title="bbox 353 2928 1211 3008; baseline 0.006 -24"><span class='ocrx_word' id='word_1_113' title='bbox 353 2928 439 2986; x_wconf 86' lang='lat' dir='ltr'>finire</span> <span class='ocrx_word' id='word_1_114' title='bbox 941 2931 1038 2989; x_wconf 76' lang='lat' dir='ltr'>futtuo</span> <span class='ocrx_word' id='word_1_115' title='bbox 1062 2931 1155 3002; x_wconf 75' lang='lat' dir='ltr'>finire</span> <span class='ocrx_word' id='word_1_116' title='bbox 1208 2950 1211 3008; x_wconf 69' lang='lat' dir='ltr'><strong>j</strong></span> 
     </span>
    </p>
   </div>
   <div class='ocr_carea' id='block_1_3' title="bbox 884 2994 1162 3101">
    <p class='ocr_par' dir='ltr' id='par_1_3' title="bbox 559 2994 1162 3229">
     <span class='ocr_line' id='line_1_25' title="bbox 884 2994 1162 3101; baseline 0.002 -25.403"><span class='ocrx_word' id='word_1_117' title='bbox 884 2994 886 3101; x_wconf 70' lang='lat' dir='ltr'>l</span> <span class='ocrx_word' id='word_1_118' title='bbox 939 3021 1036 3078; x_wconf 76' lang='lat' dir='ltr'>future</span> <span class='ocrx_word' id='word_1_119' title='bbox 1059 3021 1162 3078; x_wconf 77' lang='lat' dir='ltr'>niv</span> 
     </span>
    </p>
   </div>
   <div class='ocr_carea' id='block_1_4' title="bbox 199 3106 1425 4072">
    <p class='ocr_par' dir='ltr' id='par_1_4' title="bbox 199 3106 1425 4072">
     <span class='ocr_line' id='line_1_26' title="bbox 342 3106 457 3181; baseline 0.009 -18"><span class='ocrx_word' id='word_1_120' title='bbox 342 3106 457 3181; x_wconf 83' lang='lat' dir='ltr'>agnatis</span> 
     </span>
     <span class='ocr_line' id='line_1_27' title="bbox 324 3194 798 3272; baseline 0.006 -20"><span class='ocrx_word' id='word_1_121' title='bbox 324 3194 471 3270; x_wconf 84' lang='lat' dir='ltr'>flagitium</span> <span class='ocrx_word' id='word_1_122' title='bbox 645 3197 798 3272; x_wconf 79' lang='lat' dir='ltr'>flagicium</span> 
     </span>
     <span class='ocr_line' id='line_1_28' title="bbox 349 3286 1084 3345; baseline 0.003 -2"><span class='ocrx_word' id='word_1_123' title='bbox 349 3286 441 3343; x_wconf 90' lang='lat' dir='ltr'>bonae</span> <span class='ocrx_word' id='word_1_124' title='bbox 1010 3288 1084 3345; x_wconf 88' lang='lat' dir='ltr'>bone</span> 
     </span>
     <span class='ocr_line' id='line_1_29' title="bbox 258 3373 1169 3435; baseline 0.003 -4"><span class='ocrx_word' id='word_1_125' title='bbox 258 3391 314 3432; x_wconf 88' lang='lat' dir='ltr'>nec</span> <span class='ocrx_word' id='word_1_126' title='bbox 338 3373 452 3431; x_wconf 83' lang='lat' dir='ltr'>ancillis</span> <span class='ocrx_word' id='word_1_127' title='bbox 475 3379 526 3432; x_wconf 91' lang='lat' dir='ltr'>aut</span> <span class='ocrx_word' id='word_1_128' title='bbox 706 3400 739 3408; x_wconf 93' lang='lat'><em>-</em></span> <span class='ocrx_word' id='word_1_129' title='bbox 924 3395 980 3435; x_wconf 87' lang='lat' dir='ltr'>nec</span> <span class='ocrx_word' id='word_1_130' title='bbox 997 3377 1112 3435; x_wconf 88' lang='lat' dir='ltr'>ancillis</span> <span class='ocrx_word' id='word_1_131' title='bbox 1135 3396 1169 3434; x_wconf 86' lang='lat' dir='ltr'>ac</span> 
     </span>
     <span class='ocr_line' id='line_1_30' title="bbox 199 3462 1354 3530; baseline 0.003 -9"><span class='ocrx_word' id='word_1_132' title='bbox 199 3483 215 3530; x_wconf 80' lang='lat'>4</span> <span class='ocrx_word' id='word_1_133' title='bbox 258 3462 442 3521; x_wconf 85' lang='lat' dir='ltr'>educationis</span> <span class='ocrx_word' id='word_1_134' title='bbox 463 3463 534 3521; x_wconf 93' lang='lat' dir='ltr'>deli-</span> <span class='ocrx_word' id='word_1_135' title='bbox 582 3464 768 3524; x_wconf 87' lang='lat' dir='ltr'>cducacionis</span> <span class='ocrx_word' id='word_1_136' title='bbox 790 3464 863 3522; x_wconf 88' lang='lat' dir='ltr'>deli-</span> <span class='ocrx_word' id='word_1_137' title='bbox 1030 3492 1063 3499; x_wconf 88' lang='lat'><em>-</em></span> <span class='ocrx_word' id='word_1_138' title='bbox 1320 3491 1354 3499; x_wconf 92' lang='lat'>-·</span> 
     </span>
     <span class='ocr_line' id='line_1_31' title="bbox 280 3550 1425 3626; baseline 0.003 -16"><span class='ocrx_word' id='word_1_139' title='bbox 280 3551 335 3610; x_wconf 92' lang='lat' dir='ltr'>ciis</span> <span class='ocrx_word' id='word_1_140' title='bbox 359 3551 514 3626; x_wconf 86' lang='lat' dir='ltr'>dignoscas</span> <span class='ocrx_word' id='word_1_141' title='bbox 558 3576 560 3589; x_wconf 89' lang='grc'><strong><em>·</em></strong></span> <span class='ocrx_word' id='word_1_142' title='bbox 617 3553 671 3611; x_wconf 89' lang='lat' dir='ltr'>ciis</span> <span class='ocrx_word' id='word_1_143' title='bbox 694 3554 829 3612; x_wconf 84' lang='lat' dir='ltr'>dinoscas</span> <span class='ocrx_word' id='word_1_144' title='bbox 956 3555 1137 3613; x_wconf 88' lang='lat' dir='ltr'>..dinoscas</span> <span class='ocrx_word' id='word_1_145' title='bbox 1208 3550 1210 3563; x_wconf 91' lang='lat'>&#39;</span> <span class='ocrx_word' id='word_1_146' title='bbox 1245 3555 1425 3614; x_wconf 88' lang='lat' dir='ltr'>..dinoscas</span> 
     </span>
     <span class='ocr_line' id='line_1_32' title="bbox 340 3624 1352 3720; baseline 0.005 -22"><span class='ocrx_word' id='word_1_147' title='bbox 340 3658 446 3716; x_wconf 90' lang='lat' dir='ltr'>pecora</span> <span class='ocrx_word' id='word_1_148' title='bbox 706 3668 738 3676; x_wconf 92' lang='lat'><em>-</em></span> <span class='ocrx_word' id='word_1_149' title='bbox 883 3654 885 3709; x_wconf 75' lang='grc' dir='ltr'>ε</span> <span class='ocrx_word' id='word_1_150' title='bbox 995 3662 1098 3720; x_wconf 86' lang='lat' dir='ltr'>pecora</span> <span class='ocrx_word' id='word_1_151' title='bbox 1208 3624 1210 3689; x_wconf 71' lang='lat' dir='ltr'>l</span> <span class='ocrx_word' id='word_1_152' title='bbox 1320 3670 1352 3676; x_wconf 92' lang='lat'><em>-</em></span> 
     </span>
     <span class='ocr_line' id='line_1_33' title="bbox 705 3722 1118 3808; baseline 0.005 -18"><span class='ocrx_word' id='word_1_153' title='bbox 705 3757 737 3764; x_wconf 87' lang='lat'><em>-</em></span> <span class='ocrx_word' id='word_1_154' title='bbox 883 3722 885 3807; x_wconf 74' lang='lat' dir='ltr'>l</span> <span class='ocrx_word' id='word_1_155' title='bbox 976 3735 1118 3808; x_wconf 77' lang='lat' dir='ltr'>separardr</span> 
     </span>
     <span class='ocr_line' id='line_1_34' title="bbox 325 3823 1197 3898; baseline 0.003 -23"><span class='ocrx_word' id='word_1_156' title='bbox 325 3825 466 3892; x_wconf 87' lang='lat' dir='ltr'>agnoscat.</span> <span class='ocrx_word' id='word_1_157' title='bbox 705 3846 738 3853; x_wconf 87' lang='lat'>-</span> <span class='ocrx_word' id='word_1_158' title='bbox 896 3823 1065 3898; x_wconf 86' lang='lat' dir='ltr'>adgnoscat,</span> <span class='ocrx_word' id='word_1_159' title='bbox 1078 3823 1096 3879; x_wconf 95' lang='lat' dir='ltr'>d</span> <span class='ocrx_word' id='word_1_160' title='bbox 1110 3823 1160 3880; x_wconf 81' lang='lat' dir='ltr'>del.</span> <span class='ocrx_word' id='word_1_161' title='bbox 1171 3823 1197 3878; x_wconf 79' lang='lat' dir='ltr'>V</span> 
     </span>
     <span class='ocr_line' id='line_1_35' title="bbox 310 3907 1111 3991; baseline 0.006 -27"><span class='ocrx_word' id='word_1_162' title='bbox 310 3907 482 3983; x_wconf 86' lang='lat' dir='ltr'>validaeque</span> <span class='ocrx_word' id='word_1_163' title='bbox 705 3935 737 3941; x_wconf 89' lang='lat'><em>-</em></span> <span class='ocrx_word' id='word_1_164' title='bbox 976 3911 1111 3991; x_wconf 72' lang='lat' dir='ltr'>valideq3</span> 
     </span>
     <span class='ocr_line' id='line_1_36' title="bbox 257 3996 738 4072; baseline 0.002 -18"><span class='ocrx_word' id='word_1_165' title='bbox 257 3996 338 4072; x_wconf 93' lang='lat' dir='ltr'>apud</span> <span class='ocrx_word' id='word_1_166' title='bbox 353 3996 533 4054; x_wconf 87' lang='lat' dir='ltr'>avunculum</span> <span class='ocrx_word' id='word_1_167' title='bbox 705 4024 738 4031; x_wconf 94' lang='lat'>-</span> 
     </span>
    </p>
   </div>
   <div class='ocr_carea' id='block_1_5' title="bbox 884 3109 1211 3184">
    <p class='ocr_par' dir='ltr' id='par_1_5' title="bbox 884 3109 1211 3184">
     <span class='ocr_line' id='line_1_37' title="bbox 884 3109 1211 3184; baseline 0.006 -19"><span class='ocrx_word' id='word_1_168' title='bbox 884 3112 886 3147; x_wconf 82' lang='lat'><strong>¹</strong></span> <span class='ocrx_word' id='word_1_169' title='bbox 976 3109 1092 3184; x_wconf 86' lang='lat' dir='ltr'>adgnat</span> <span class='ocrx_word' id='word_1_170' title='bbox 1086 3127 1111 3167; x_wconf 85' lang='lat' dir='ltr'>rs</span> <span class='ocrx_word' id='word_1_171' title='bbox 1209 3144 1211 3153; x_wconf 40' lang='grc' dir='ltr'>ι</span> 
     </span>
    </p>
   </div>
   <div class='ocr_carea' id='block_1_6' title="bbox 337 3735 453 3804">
    <p class='ocr_par' dir='ltr' id='par_1_6' title="bbox 337 3735 453 3804">
     <span class='ocr_line' id='line_1_38' title="bbox 337 3735 453 3804; baseline 0.009 -18"><span class='ocrx_word' id='word_1_172' title='bbox 337 3735 453 3804; x_wconf 86' lang='lat' dir='ltr'>separet</span> 
     </span>
    </p>
   </div>
   <div class='ocr_carea' id='block_1_7' title="bbox 309 3994 1209 4165">
    <p class='ocr_par' dir='ltr' id='par_1_7' title="bbox 309 3994 1209 4165">
     <span class='ocr_line' id='line_1_39' title="bbox 883 3994 1209 4076; baseline 0 -19"><span class='ocrx_word' id='word_1_173' title='bbox 883 4001 984 4076; x_wconf 86' lang='lat' dir='ltr'>apud</span> <span class='ocrx_word' id='word_1_174' title='bbox 1007 4000 1184 4059; x_wconf 87' lang='lat' dir='ltr'>avunculum</span> <span class='ocrx_word' id='word_1_175' title='bbox 1207 3994 1209 4051; x_wconf 81' lang='lat' dir='ltr'>l</span> 
     </span>
     <span class='ocr_line' id='line_1_40' title="bbox 309 4085 1209 4165; baseline 0.006 -23"><span class='ocrx_word' id='word_1_176' title='bbox 309 4085 348 4142; x_wconf 93' lang='lat' dir='ltr'>ad</span> <span class='ocrx_word' id='word_1_177' title='bbox 370 4090 481 4161; x_wconf 88' lang='lat' dir='ltr'>patrem</span> <span class='ocrx_word' id='word_1_178' title='bbox 705 4113 737 4120; x_wconf 88' lang='lat'><em>-</em></span> <span class='ocrx_word' id='word_1_179' title='bbox 883 4098 884 4109; x_wconf 63' lang='lat'>¹</span> <span class='ocrx_word' id='word_1_180' title='bbox 959 4090 997 4147; x_wconf 87' lang='lat' dir='ltr'>ad</span> <span class='ocrx_word' id='word_1_181' title='bbox 1020 4096 1134 4165; x_wconf 81' lang='lat' dir='ltr'>patrem</span> <span class='ocrx_word' id='word_1_182' title='bbox 1207 4098 1209 4156; x_wconf 69' lang='lat' dir='ltr'>i</span> 
     </span>
    </p>
   </div>
   <div class='ocr_carea' id='block_1_8' title="bbox 293 4127 1398 4699">
    <p class='ocr_par' dir='ltr' id='par_1_8' title="bbox 293 4127 1352 4699">
     <span class='ocr_line' id='line_1_41' title="bbox 557 4127 559 4157; baseline 0 0"><span class='ocrx_word' id='word_1_183' title='bbox 557 4127 559 4157; x_wconf 98' lang='grc' dir='ltr'>Ι</span> 
     </span>
     <span class='ocr_line' id='line_1_42' title="bbox 294 4162 1351 4286; baseline 0.006 -54"><span class='ocrx_word' id='word_1_184' title='bbox 294 4174 489 4250; x_wconf 83' lang='lat' dir='ltr'>artioremque</span> <span class='ocrx_word' id='word_1_185' title='bbox 557 4162 559 4213; x_wconf 77' lang='lat' dir='ltr'>l</span> <span class='ocrx_word' id='word_1_186' title='bbox 623 4177 821 4276; x_wconf 83' lang='lat' dir='ltr'>arcioremque</span> <span class='ocrx_word' id='word_1_187' title='bbox 945 4185 1007 4237; x_wconf 88' lang='lat' dir='ltr'>arct</span> <span class='ocrx_word' id='word_1_188' title='bbox 1008 4179 1137 4286; x_wconf 65' lang='lat' dir='ltr'>ioremqg</span> <span class='ocrx_word' id='word_1_189' title='bbox 1319 4204 1351 4210; x_wconf 91' lang='lat'><em>-</em></span> 
     </span>
     <span class='ocr_line' id='line_1_43' title="bbox 302 4263 1398 4326; baseline 0.004 -4"><span class='ocrx_word' id='word_1_190' title='bbox 302 4270 333 4322; x_wconf 88' lang='lat' dir='ltr'>et</span> <span class='ocrx_word' id='word_1_191' title='bbox 356 4263 486 4322; x_wconf 78' lang='lat' dir='ltr'>animrun</span> <span class='ocrx_word' id='word_1_192' title='bbox 603 4265 662 4323; x_wconf 88' lang='lat' dir='ltr'>et</span> <span class='ocrx_word' id='word_1_193' title='bbox 655 4284 686 4322; x_wconf 91' lang='lat' dir='ltr'>1n</span> <span class='ocrx_word' id='word_1_194' title='bbox 710 4267 840 4324; x_wconf 84' lang='lat' dir='ltr'>animmn</span> <span class='ocrx_word' id='word_1_195' title='bbox 901 4267 976 4325; x_wconf 83' lang='lat' dir='ltr'>dain</span> <span class='ocrx_word' id='word_1_196' title='bbox 998 4268 1095 4325; x_wconf 91' lang='lat' dir='ltr'>animu</span> <span class='ocrx_word' id='word_1_197' title='bbox 1119 4287 1189 4325; x_wconf 74' lang='lat' dir='ltr'>corr.</span> <span class='ocrx_word' id='word_1_198' title='bbox 1226 4268 1303 4326; x_wconf 90' lang='lat' dir='ltr'>etin</span> <span class='ocrx_word' id='word_1_199' title='bbox 1284 4267 1398 4326; x_wconf 88' lang='lat' dir='ltr'>nniam</span> 
     </span>
     <span class='ocr_line' id='line_1_44' title="bbox 635 4353 1352 4432; baseline 0.006 -21"><span class='ocrx_word' id='word_1_200' title='bbox 635 4353 666 4411; x_wconf 91' lang='lat' dir='ltr'>in</span> <span class='ocrx_word' id='word_1_201' title='bbox 689 4355 739 4412; x_wconf 78' lang='lat' dir='ltr'>dcl.</span> <span class='ocrx_word' id='word_1_202' title='bbox 765 4354 804 4432; x_wconf 71' lang='lat' dir='ltr'>H²</span> <span class='ocrx_word' id='word_1_203' title='bbox 1029 4382 1061 4388; x_wconf 94' lang='lat'><em>-</em></span> <span class='ocrx_word' id='word_1_204' title='bbox 1319 4382 1352 4390; x_wconf 86' lang='lat'><em>-</em></span> 
     </span>
     <span class='ocr_line' id='line_1_45' title="bbox 301 4441 1351 4517; baseline 0.007 -19"><span class='ocrx_word' id='word_1_205' title='bbox 301 4441 486 4516; x_wconf 84' lang='lat' dir='ltr'>possessione</span> <span class='ocrx_word' id='word_1_206' title='bbox 566 4443 797 4517; x_wconf 88' lang='lat' dir='ltr'>successioneH,</span> <span class='ocrx_word' id='word_1_207' title='bbox 809 4463 880 4502; x_wconf 77' lang='lat' dir='ltr'>corr.</span> <span class='ocrx_word' id='word_1_208' title='bbox 1029 4471 1061 4477; x_wconf 93' lang='lat'><em>-</em></span> <span class='ocrx_word' id='word_1_209' title='bbox 1318 4471 1351 4479; x_wconf 87' lang='grc'><strong>-</strong></span> 
     </span>
     <span class='ocr_line' id='line_1_46' title="bbox 293 4530 1351 4635; baseline 0.003 -48"><span class='ocrx_word' id='word_1_210' title='bbox 293 4535 403 4606; x_wconf 91' lang='lat' dir='ltr'>quanto</span> <span class='ocrx_word' id='word_1_211' title='bbox 427 4530 495 4630; x_wconf 88' lang='lat' dir='ltr'>plus</span> <span class='ocrx_word' id='word_1_212' title='bbox 556 4532 559 4635; x_wconf 62' lang='grc' dir='ltr'>ι</span> <span class='ocrx_word' id='word_1_213' title='bbox 704 4558 736 4564; x_wconf 95' lang='grc'><strong>-</strong></span> <span class='ocrx_word' id='word_1_214' title='bbox 820 4531 871 4611; x_wconf 86' lang='grc' dir='ltr'>[Η</span> <span class='ocrx_word' id='word_1_215' title='bbox 968 4533 1123 4634; x_wconf 59' lang='lat' dir='ltr'>(Jtlopus</span> <span class='ocrx_word' id='word_1_216' title='bbox 1319 4560 1351 4568; x_wconf 87' lang='lat'><em>-</em></span> 
     </span>
     <span class='ocr_line' id='line_1_47' title="bbox 309 4620 1350 4699; baseline 0.005 -22"><span class='ocrx_word' id='word_1_217' title='bbox 309 4637 367 4696; x_wconf 89' lang='lat' dir='ltr'>quo</span> <span class='ocrx_word' id='word_1_218' title='bbox 391 4620 482 4678; x_wconf 89' lang='lat' dir='ltr'>maior</span> <span class='ocrx_word' id='word_1_219' title='bbox 569 4638 627 4696; x_wconf 88' lang='lat' dir='ltr'>quo</span> <span class='ocrx_word' id='word_1_220' title='bbox 640 4621 721 4696; x_wconf 78' lang='lat' dir='ltr'>(corr.</span> <span class='ocrx_word' id='word_1_221' title='bbox 728 4621 872 4699; x_wconf 69' lang='lat' dir='ltr'>H2tanto)</span> <span class='ocrx_word' id='word_1_222' title='bbox 946 4627 1025 4681; x_wconf 89' lang='lat' dir='ltr'>tanto</span> <span class='ocrx_word' id='word_1_223' title='bbox 1009 4625 1139 4681; x_wconf 85' lang='lat' dir='ltr'>ionaior</span> <span class='ocrx_word' id='word_1_224' title='bbox 1206 4676 1208 4693; x_wconf 87' lang='grc'>,</span> <span class='ocrx_word' id='word_1_225' title='bbox 1318 4649 1350 4656; x_wconf 92' lang='grc'><strong>-</strong></span> 
     </span>
    </p>
   </div>
   <div class='ocr_carea' id='block_1_9' title="bbox 323 4696 1208 4859">
    <p class='ocr_par' dir='ltr' id='par_1_9' title="bbox 323 4696 1208 4859">
     <span class='ocr_line' id='line_1_48' title="bbox 671 4696 1208 4769; baseline 0 -1"><span class='ocrx_word' id='word_1_226' title='bbox 671 4711 764 4769; x_wconf 89' lang='lat' dir='ltr'>maior</span> <span class='ocrx_word' id='word_1_227' title='bbox 1206 4696 1208 4723; x_wconf 62' lang='lat'>³</span> 
     </span>
     <span class='ocr_line' id='line_1_49' title="bbox 323 4766 1208 4859; baseline 0.007 -5"><span class='ocrx_word' id='word_1_228' title='bbox 323 4796 459 4855; x_wconf 85' lang='lat' dir='ltr'>affinium</span> <span class='ocrx_word' id='word_1_229' title='bbox 704 4825 737 4832; x_wconf 90' lang='lat'><em>-</em></span> <span class='ocrx_word' id='word_1_230' title='bbox 973 4802 1115 4859; x_wconf 87' lang='lat' dir='ltr'>adfinium</span> <span class='ocrx_word' id='word_1_231' title='bbox 1206 4766 1208 4853; x_wconf 84' lang='lat' dir='ltr'>l</span> 
     </span>
    </p>
   </div>
   <div class='ocr_carea' id='block_1_10' title="bbox 265 4894 1207 5126">
    <p class='ocr_par' dir='ltr' id='par_1_10' title="bbox 265 4894 1207 5126">
     <span class='ocr_line' id='line_1_50' title="bbox 324 4894 1115 4948; baseline 0.006 -5"><span class='ocrx_word' id='word_1_232' title='bbox 324 4904 465 4945; x_wconf 88' lang='lat' dir='ltr'>numerus</span> <span class='ocrx_word' id='word_1_233' title='bbox 556 4894 558 4924; x_wconf 86' lang='lat'><strong>¹</strong></span> <span class='ocrx_word' id='word_1_234' title='bbox 703 4914 736 4921; x_wconf 84' lang='lat'><em>-</em></span> <span class='ocrx_word' id='word_1_235' title='bbox 975 4908 1115 4948; x_wconf 88' lang='lat' dir='ltr'>numerus</span> 
     </span>
     <span class='ocr_line' id='line_1_51' title="bbox 265 4973 1167 5062; baseline 0.004 -30"><span class='ocrx_word' id='word_1_236' title='bbox 265 4980 347 5033; x_wconf 85' lang='lat' dir='ltr'>tanto</span> <span class='ocrx_word' id='word_1_237' title='bbox 370 4976 525 5051; x_wconf 87' lang='lat' dir='ltr'>gratiosior</span> <span class='ocrx_word' id='word_1_238' title='bbox 639 4978 814 5052; x_wconf 83' lang='lat' dir='ltr'>..gratior</span> <span class='ocrx_word' id='word_1_239' title='bbox 921 4973 989 5062; x_wconf 66' lang='lat' dir='ltr'>talto</span> <span class='ocrx_word' id='word_1_240' title='bbox 1012 4980 1167 5054; x_wconf 88' lang='lat' dir='ltr'>gratiosior</span> 
     </span>
     <span class='ocr_line' id='line_1_52' title="bbox 1205 5078 1207 5126; baseline 0 0"><span class='ocrx_word' id='word_1_241' title='bbox 1205 5078 1207 5126; x_wconf 79' lang='grc'>1</span> 
     </span>
    </p>
   </div>
   <div class='ocr_carea' id='block_1_11' title="bbox 0 0 1846 5912">
    <p class='ocr_par' dir='ltr' id='par_1_11' title="bbox 0 0 1846 5912">
     <span class='ocr_line' id='line_1_53' title="bbox 0 0 1846 5912; baseline 0 2"><span class='ocrx_word' id='word_1_242' title='bbox 0 0 1846 5912; x_wconf 95' lang='lat' dir='ltr'> </span> 
     </span>
    </p>
   </div>
  </div>
 </body>
</html>
