3682 5912
701 555 900 615 ..3-

107 745 157 807 ita
202 745 360 825 quidem,
402 750 439 807 ut
478 745 520 807 de
564 744 790 824 lectionibuS,
831 762 919 825 quas
963 745 1179 824 exhibuerit,
1225 745 1377 808 dubitari
1423 746 1492 807 iam

111 854 276 930 nequeat.

198 956 298 1036 Quae
323 975 403 1020 cum
427 958 477 1020 ita
501 962 628 1036 essent,
657 958 752 1038 mihi,
778 976 858 1022 cum
883 957 977 1022 hanc
1001 959 1242 1039 quaestionem
1268 959 1492 1022 tractandam

108 1064 334 1144 susciperem,
359 1064 510 1126 materia
534 1065 585 1127 sic
609 1065 824 1128 instituenda
852 1083 928 1128 esse
953 1065 1155 1129 videbatur:
1189 1065 1338 1147 primum
1371 1083 1491 1128 omnes

106 1179 209 1234 erant
240 1169 461 1249 colligendae
495 1170 664 1234 lectiones
696 1171 827 1235 codicis
858 1171 900 1251 H,
933 1191 1024 1253 quae
1049 1174 1149 1236 nobis
1173 1176 1338 1236 servatae
1365 1177 1491 1251 essent,

107 1277 233 1340 deinde
258 1294 302 1339 ex
326 1277 380 1340 his
405 1277 615 1341 lectionibus
640 1277 753 1341 codex
782 1263 860 1359 ipse·
886 1278 1000 1342 denuo
1029 1279 1266 1343 restituendus
1297 1285 1384 1360 erat,
1418 1285 1490 1341 turn

105 1383 362 1465 inquirendum,
391 1393 506 1447 utrum
526 1384 699 1465 penderet
721 1403 765 1447 ex
787 1386 993 1466 apographo
1010 1385 1240 1449 Henochiano
1258 1404 1304 1448 an
1321 1386 1490 1466 peculiari

106 1491 248 1556 cuidam
273 1490 453 1553 traditioni
478 1489 714 1556 Germanicae
739 1498 831 1555 esset
856 1493 1124 1557 adscribendus:
1156 1511 1243 1574 quas
1268 1494 1492 1573 quaestiones

107 1599 142 1661 in
168 1598 286 1678 capite
310 1597 423 1678 primo
448 1598 612 1662 tractavi.

194 1703 368 1786 Expedito
392 1705 443 1767 ita
467 1704 589 1770 codice
614 1705 646 1768 H
670 1706 811 1786 neglegi
836 1725 906 1769 non
929 1708 1043 1788 potuit
1074 1748 1109 1754 —
1137 1724 1351 1788 quamquam
1378 1725 1492 1789 neque

104 1811 238 1876 Holder
251 1830 365 1893 neque
375 1813 611 1876 Baehrensius
624 1813 667 1876 de
685 1832 726 1876 eo
741 1819 890 1894 egerunt
903 1853 947 1861 —
961 1814 1074 1879 codex
1090 1813 1368 1878 Vindobonensis
1379 1814 1413 1876 ΙΙ
1424 1813 1491 1896 (V),

105 1936 209 1999 quem
227 1937 305 1983 cum
323 1918 572 1983 Hummeliano
594 1926 671 1982 arto
693 1920 846 2001 quodam
867 1920 1088 2000 cognationis
1106 1921 1247 1984 vinculo
1265 1921 1490 1985 coniunctum

105 2044 182 2089 esse
206 2027 339 2106 primus
364 2025 562 2107 adspectus
578 2026 744 2091 docebat:
771 2026 802 2089 V
826 2027 1086 2109 comparandus
1111 2037 1188 2091 erat
1213 2046 1291 2092 cum
1317 2028 1440 2092 codice
1457 2028 1488 2090 H

104 2136 140 2195 ct
158 2133 358 2213 videndum,
380 2132 525 2214 quidex
543 2132 611 2196 hac
636 2133 901 2214 comparatione
925 2137 1146 2214 sequeretur:
1172 2152 1278 2215 quam
1301 2136 1489 2198 materiam

107 2241 262 2304 secundo
287 2241 396 2322 capiti
420 2240 569 2321 seposui.

196 2346 284 2409 Tum
314 2346 557 2412 accedendum
588 2352 667 2410 erat
697 2346 743 2409 ad
774 2347 914 2411 codices
945 2347 1024 2409 illos
1053 2347 1300 2411 llonacensem
1326 2354 1361 2411 et
1385 2347 1423 2412 St
1450 2354 1490 2411 tt-

106 2453 331 2535 gartiensem,
357 2472 444 2535 quos
468 2453 601 2516 Holder
623 2457 658 2516 et
679 2453 914 2517 Baehrensius
937 2454 996 2515 uni
1016 2453 1200 2534 eidemque
1220 2454 1492 2518 vindicaverant

106 2559 302 2642 archetypo
331 2565 387 2643 (),
417 2565 452 2624 et
480 2560 738 2642 inquirendum,
770 2579 853 2624 num
881 2579 1033 2625 revera
1060 2561 1119 2625 hic
1142 2560 1256 2625 codex
1280 2588 1298 2648 y
1322 2580 1489 2643 umquam

106 2667 308 2747 exstitisset,
333 2668 486 2749 quidque
511 2668 652 2731 omnino
678 2668 721 2731 de
745 2669 880 2750 origine
905 2668 1028 2731 horum
1054 2668 1216 2732 codicum
1240 2668 1326 2732 Met
1347 2669 1369 2733 S
1391 2674 1426 2732 et
1448 2668 1491 2732 de

108 2780 314 2839 correctura
350 2773 565 2840 Germanica
599 2776 676 2840 erui
710 2784 845 2857 posset:
879 2777 972 2858 quod
1006 2776 1109 2840 tertio
1145 2777 1262 2858 capite
1296 2777 1491 2858 explanare

106 2882 232 2945 studui.

195 2987 322 3056 Omnia
353 2989 514 3071 denique,
549 3009 642 3071 quae
671 3011 689 3054 e
718 2990 841 3054 studiis
869 2992 956 3054 meis
987 2991 1087 3072 sequi
1117 2993 1302 3074 putabam,
1337 2990 1492 3054 breviter·

107 3097 313 3177 complexus
337 3114 413 3159 sum
438 3096 473 3159 in
498 3098 650 3178 epilogo

199 3201 353 3266 Titulum
382 3203 464 3268 huic
495 3205 665 3286 opusculo
696 3205 857 3287 inscripsi
889 3206 929 3269 de
959 3205 1069 3269 Taciti
1093 3204 1298 3268 Germaniae
1324 3205 1493 3270 codicibus

106 3309 335 3391 Germanicis,
375 3320 411 3373 ut
444 3311 601 3374 breviter
630 3312 967 3393 comprehenderem
995 3311 1150 3392 codices,
1180 3329 1266 3393 quos
1294 3310 1429 3374 Holder
1457 3316 1493 3374 et

106 3416 342 3480 Baehrensius
367 3417 548 3482 traditioni
572 3417 807 3483 Germanicae
832 3418 1097 3500 adscripserunt
1113 3458 1155 3466 —
1176 3435 1259 3481 nam
1280 3416 1373 3499 quod
1395 3417 1439 3481 de
1459 3415 1491 3479 H

106 3524 219 3606 valet,
251 3523 345 3587 idem
376 3525 475 3588 valet
507 3526 550 3588 de
579 3525 610 3588 V
632 3564 677 3573 -
707 3524 832 3589 eadem
863 3527 1015 3608 ratione,
1049 3543 1121 3607 qua
1155 3525 1414 3606 manuscriptos
1446 3543 1491 3588 ex

105 3630 276 3694 Italorum
300 3631 507 3694 recensione
531 3631 727 3713 pendentes
751 3633 972 3714 appellamus
998 3633 1147 3698 Italicos.
