3682 5912
686 526 909 588 -39-

335 718 398 781 110
428 723 458 780 H
477 723 579 800 effusis
827 741 879 799 pro
902 724 1013 799 effirsas

319 826 397 890 ΙΙ21
477 832 592 889 editum
904 830 1036 888 additum

476 957 582 996 renum
902 937 1028 994 rhenum

309 1039 355 1104 VI
381 1047 399 1103 3
473 1051 578 1121 postas
904 1045 1004 1102 hostes

284 1145 395 1211 VIIll
475 1173 536 1212 non
559 1172 645 1211 cesos
669 1153 714 1212 bis
902 1171 964 1209 non
986 1170 1072 1209 cesus

222 1255 356 1318 XXXV
381 1262 398 1319 2
477 1261 732 1336 semptentre'onem
903 1259 1125 1334 septentrionem

359 1369 398 1424 12
476 1367 589 1424 cirinen
605 1385 750 1442 preeunm
903 1366 1015 1422 mnium
1032 1365 1206 1440 preceperunt
1232 1366 1282 1440 (ita
1306 1365 1344 1441 D)

185 1466 351 1531 XXXVII
381 1474 399 1534 9
477 1474 665 1548 temeratores
903 1473 1087 1548 imperatoris

260 1574 400 1639 XLV18
477 1599 570 1655 neque
905 1598 957 1636 nee
978 1597 1052 1654 quoe

358 1689 398 1745 25
476 1687 593 1744 volume
903 1686 1031 1744 volucria

236 1788 351 1851 XLVI
380 1796 398 1853 8
476 1813 638 1869 seruosque
905 1794 1067 1869 fennospne

194 2038 394 2119 Sequuntur
417 2038 440 2100 ii
466 2039 545 2118 loci,
572 2039 697 2119 quibus
720 2039 752 2101 H
777 2039 956 2119 discrepat
977 2057 998 2100 a
1019 2038 1170 2102 lectione
1188 2039 1346 2118 vulgata,
1364 2037 1489 2101 eadem

103 2163 191 2207 vero
213 2163 340 2208 manus
365 2145 411 2208 ad
434 2146 539 2209 fidem
564 2146 750 2227 archetypi
775 2164 852 2210 cum
883 2146 1034 2210 lectione
1060 2146 1208 2226 vulgata
1237 2145 1489 2209 consentientis

102 2253 258 2315 correxit
282 2253 340 2334 (cf.
358 2271 391 2333 p.
410 2258 479 2334 34):
497 2253 555 2334 qui
573 2257 608 2315 et
629 2253 694 2334 ipsi
716 2253 875 2316 codicem
895 2257 1051 2315 nostrum
1074 2253 1184 2315 artius
1201 2256 1392 2316 conectunt
1409 2269 1488 2316 cum

104 2359 294 2423 traditione
319 2359 470 2440 vulgari.
518 2358 599 2421 Alia
622 2378 667 2422 ex
691 2370 793 2440 parte
818 2377 879 2423 eas
902 2359 1081 2438 lectiones,
1107 2359 1233 2440 quibus
1257 2359 1289 2421 H
1314 2359 1491 2422 consentit

103 2484 186 2528 cum
217 2466 369 2530 lectione
402 2467 564 2546 vulgata,
598 2466 643 2549 H2
670 2467 714 2530 ab
744 2485 788 2529 ea
816 2467 994 2547 discrepat
1026 2467 1246 2548 (enumeravi
1275 2486 1335 2529 eas
1364 2485 1397 2547 p.
1424 2470 1489 2546 35),

103 2573 292 2656 quicquam
318 2592 382 2654 pro
408 2574 584 2636 sententia
612 2574 792 2637 contraria
820 2573 940 2637 facere
969 2591 1037 2635 nou
1067 2577 1161 2653 puto.
1209 2572 1393 2636 Difficilior
1418 2573 1488 2634 iam

104 2698 160 2742 res
187 2680 321 2760 evadit,
348 2677 474 2762 11111ΗΞ
501 2680 675 2743 consentit
704 2698 783 2743 cum
815 2680 965 2743 lectione
996 2680 1152 2760 vulgata,
1186 2680 1413 2742 dissentiente
1443 2679 1489 2742 ab

103 2804 147 2849 ea
172 2787 245 2868 ipso
271 2786 314 2851 H.
361 2787 450 2849 Nam
474 2786 528 2848 his
551 2786 638 2850 locis
667 2792 783 2848 utrum
807 2785 839 2849 H
864 2785 1032 2849 lectiones
1061 2805 1142 2848 suas
1167 2805 1185 2849 e
1210 2787 1278 2850 fide
1303 2786 1490 2867 archetypi

104 2895 279 2975 receperit
304 2912 348 2956 au
373 2911 438 2956 sua
461 2897 586 2973 sponte
611 2892 880 2974 interpolaverit
908 2893 1092 2957 nescimus
1141 2893 1209 2956 Sed
1233 2893 1261 2955 si
1287 2893 1490 2957 accuratius

105 3002 360 3080 perlustramus
406 3000 471 3062 has
517 3000 686 3063 lectiones
729 3000 900 3082 (exceptis
944 3018 1082 3081 semper
1122 3001 1259 3064 Nermr's
1303 3007 1338 3064 et
1385 3001 1488 3080 Ubiis,

105 3107 320 3171 xxvlssto.
339 3112 403 3188 21),
443 3108 563 3171 facere
602 3125 671 3170 non
711 3107 917 3188 poterimus,
957 3107 1040 3188 quin
1085 3113 1294 3188 comparata
1337 3107 1490 3171 lectione

104 3215 264 3279 codicum
290 3213 411 3278 ABCD
436 3214 629 3278 iudicemus
658 3213 722 3276 has
751 3213 920 3278 lectiones
950 3213 996 3276 ad
1027 3232 1133 3277 uuam
1165 3233 1286 3278 omnes
1317 3215 1491 3294 genuinas

104 3339 171 3384 uon
207 3341 284 3385 esse
320 3340 434 3402 neque
467 3339 631 3401 umquam
664 3321 839 3384 exstitisse
871 3321 904 3384 in
937 3321 1132 3403 archetypo
1163 3322 1223 3384 illo
1255 3321 1487 3385 Germanico:

105 3431 195 3508 quod
224 3429 392 3494 iudicium
425 3429 538 3510 ipsum
572 3447 609 3492 se
643 3429 809 3508 defendit,
843 3446 953 3509 quare
987 3429 1144 3508 longiore
1179 3428 1487 3508 argumentatione
1515 3482 1517 3486 .

105 3537 327 3617 supersedeo.
353 3536 538 3600 Lectiones
555 3553 651 3614 vern,
670 3536 728 3598 ubi
745 3535 820 3617 ipse
836 3535 868 3597 H
885 3536 1099 3617 interpolare
1116 3536 1248 3598 studuit
1266 3534 1488 3615 corrigendo,

105 3642 170 3706 iam
189 3662 299 3724 supra
314 3643 415 3706 attuli
424 3643 481 3725 (cf.
491 3661 524 3723 p.
536 3648 587 3708 34.
601 3647 670 3724 35):
684 3646 720 3705 et
735 3643 817 3705 illae
834 3642 903 3707 hac
916 3643 950 3705 in
967 3643 1202 3723 disputatione
1219 3643 1304 3704 nihil
1316 3642 1487 3720 efficiuut;

105 3767 216 3831 neque
251 3750 273 3812 ii
308 3750 391 3828 loci,
426 3749 551 3830 quibus
583 3749 687 3812 varia
725 3749 895 3812 adnotata
926 3753 979 3812 cst
1011 3749 1116 3812 lectio
1151 3752 1195 3812 ab
1230 3751 1304 3831 ipso
1343 3748 1488 3811 librario

104 3856 233 3921 codicis
258 3856 300 3935 H,
326 3856 567 3920 consentiente
592 3874 671 3920 cum
696 3857 865 3918 Italorum
890 3857 1070 3920 codicibus
1099 3867 1160 3920 aut
1190 3863 1288 3920 textu
1318 3861 1378 3918 aut
1403 3860 1488 3917 nota

104 3964 290 4044 marginali
308 3959 478 4026 afferendi
495 3968 585 4042 sunt,
611 3963 695 4044 quia
720 3968 906 4044 utrumque
930 3964 1043 4044 potuit
1066 3965 1159 4026 fieri:
1185 3970 1245 4025 aut
1267 3964 1359 4026 enim
1381 3963 1487 4026 lectio

105 4087 181 4133 cum
206 4070 358 4150 vulgata
382 4070 604 4134 consentiens
628 4070 774 4151 propria
798 4073 851 4132 est
875 4069 1005 4133 codicis
1029 4069 1078 4132 H:
1111 4077 1184 4132 tum
1209 4070 1313 4132 varia
1336 4069 1398 4132 illa
1422 4086 1486 4149 pro

103 4175 316 4258 interpolata
340 4184 393 4239 est
416 4176 598 4256 habeuda;
631 4185 692 4238 aut
720 4175 825 4239 lectio
850 4195 872 4238 a
898 4175 1044 4255 vulgata
1068 4177 1273 4257 discrepans
1298 4175 1487 4239 tribuenda

105 4289 154 4345 est
182 4283 297 4348 codici
326 4283 374 4345 H:
410 4287 484 4345 tum
511 4283 614 4346 varia
647 4283 710 4345 illa
742 4281 847 4346 lectio
881 4299 961 4346 cum
990 4283 1138 4362 vulgata
1171 4282 1395 4346 consentiens
1430 4281 1486 4344 de-

103 4395 283 4470 monstrat,
308 4389 541 4471 archetypum
563 4389 695 4454 codicis
711 4388 744 4452 H
765 4389 925 4452 notitiam
946 4389 1110 4452 habuisse
1127 4389 1296 4451 Italorum
1314 4388 1488 4451 lectionis.

104 4493 213 4562 Locos
229 4497 299 4561 huc
315 4497 532 4577 pertinentes
548 4498 584 4560 in
600 4497 716 4561 indice
734 4502 853 4560 nostro
870 4497 975 4561 facile
992 4499 1164 4579 reperies;
1190 4498 1234 4561 de
1253 4517 1319 4560 uno
1337 4498 1487 4560 tortasse

105 4602 234 4685 aliquid
259 4603 390 4667 addere
415 4603 544 4683 licebit,
570 4603 720 4684 quiade
750 4621 791 4666 eo
817 4604 927 4667 fusius
953 4604 1115 4667 disseruit
1140 4604 1326 4669 Schefczik
1353 4610 1398 4686 (p.
1419 4609 1486 4686 13):

104 4725 177 4791 cap.
203 4710 238 4773 ΙΙ
271 4715 308 4775 11
338 4709 482 4774 exhibet
505 4709 537 4771 H
565 4710 600 4772 in
626 4718 724 4773 textu
759 4711 799 4774 de
828 4731 873 4789 eo,
903 4711 947 4774 ab
973 4711 1097 4774 eadem
1125 4730 1232 4774 mauu
1261 4712 1296 4774 in
1325 4711 1487 4791 margine

104 4818 270 4899 scriptum
287 4822 340 4880 est
356 4818 416 4881 deo
433 4817 526 4899 (lect.
544 4817 664 4898 vulg).
698 4817 901 4880 Lectionem
917 4818 957 4881 de
974 4839 1020 4898 eo,
1037 4819 1111 4882 scil.
1129 4826 1220 4882 ortos
1237 4819 1488 4900 interpolatam

104 4939 176 4988 esse
198 4925 268 4986 iam
294 4942 335 4987 eo
361 4924 630 5004 demonstratur,
653 4923 746 5003 quod
770 4924 917 4986 verbum
938 4924 1025 4987 oriri
1041 4930 1102 4987 aut
1123 4943 1203 4989 cum
1225 4925 1383 4988 ablativo
1401 4942 1486 4988 casu

104 5030 315 5094 construitur
353 5036 413 5094 aut
452 5049 532 5094 cum
569 5029 833 5111 praepositione
869 5031 910 5093 ab
948 5031 1006 5093 vel
1041 5053 1101 5095 eor:
1139 5031 1410 5112 praepositionis
1446 5030 1487 5094 de
