3688 5908
678 497 921 557 —111-

179 688 343 753 Restant
367 701 502 769 septem
526 687 605 768 loci,
631 690 757 770 quibus
781 689 814 752 M
839 694 874 753 et
898 689 920 753 S
945 707 982 753 re
1007 706 1094 752 vera
1117 689 1339 753 consentiunt
1363 695 1488 753 contra

100 797 291 860 lectionem
308 797 495 876 vulgatam
518 797 577 875 ita,
600 801 637 859 ut
657 796 770 877 primo
792 801 938 878 aspectu
960 796 1109 876 cogitari
1128 788 1236 878 possit
1254 795 1296 860 de
1313 795 1489 860 communi

99 905 253 985 quodam
282 905 497 984 archetypo:
523 902 585 966 sed
609 903 677 966 hae
702 920 842 984 quoque
866 903 1035 966 lectiones
1063 909 1125 966 aut
1152 903 1294 966 minoris
1321 903 1490 967 momenti

98 1019 171 1073 sunt
204 1016 277 1074 aut
313 1011 422 1074 etiam
457 1011 494 1074 in
517 1011 673 1096 ⁸reliquis
709 1011 891 1075 codicibus
927 1010 1157 1075 deterioribus
1191 1011 1365 1091 leguntur,
1402 1029 1490 1093 quos

98 1135 216 1180 omnes
245 1136 297 1182 ex
322 1135 390 1180 uno
415 1107 610 1199 eodem'que
635 1118 830 1200 archetypo
856 1117 1034 1182 derivatos
1062 1135 1138 1182 esse
1162 1136 1264 1181 nemo
1289 1118 1489 1182 contendet.

98 1223 179 1287 Sunt
206 1230 338 1287 autem
362 1223 431 1287 hae
455 1224 638 1288 lectiones:

181 1349 303 1415 V115
344 1348 518 1434 vincire]
557 1350 710 1413 vincere
749 1348 817 1413 MS.
872 1347 959 1412 (lum
996 1347 1054 1412 MS
1086 1349 1222 1412 faciunt
1254 1349 1395 1414 codices
1428 1349 1491 1412 Ro-

99 1473 225 1519 manus
271 1456 481 1538 (Angelicae
515 1456 770 1538 Bibliothecae)
806 1461 841 1520 et
876 1455 1041 1520 Venetus
1069 1456 1262 1520 secundum
1301 1455 1491 1520 editionem

100 1561 432 1627 Massmanuiauam
457 1581 490 1644 p.
516 1568 568 1629 57.

184 1689 355 1755 xxvn
384 1688 446 1773 iis]
471 1688 551 1772 hijs
579 1687 647 1752 MS.
703 1688 755 1752 his
790 1688 944 1769 quinque
979 1691 1121 1769 praeter
1152 1693 1288 1750 nostros
1322 1686 1492 1750 exhibent

99 1794 248 1859 codices
278 1796 345 1859 hoc
376 1795 455 1858 loco
487 1795 544 1875 (cf.
568 1792 772 1857 Massmann
802 1813 835 1876 p.
861 1799 925 1877 89),
956 1800 993 1858 ut
1021 1795 1223 1876 corruptela
1251 1799 1304 1857 est
1327 1794 1492 1875 frequen-

102 1901 253 1966 tissima.

190 2028 416 2095 xxvnno
456 2027 786 2112 affectationem]
825 2029 1084 2114 affectionem
1127 2026 1196 2092 MS.
1255 2025 1286 2088 Α
1329 2024 1492 2089 codicum

103 2139 308 2198 nostrorum
332 2147 435 2216 parte
459 2134 637 2198 Romanus
661 2152 801 2216 quoque
826 2139 896 2198 stat
919 2140 955 2199 et
978 2135 1019 2198 H.

192 2259 397 2328 XXXIV2
428 2259 646 2344 thesuarii]
679 2259 890 2343 choeoorij
920 2257 989 2324 MS.
1033 2263 1106 2323 cet
1127 2266 1139 2322 t
1159 2257 1327 2322 facillime
1349 2256 1493 2321 confun-

102 2364 248 2446 duntur,
273 2365 365 2429 unde
389 2365 563 2430 chuonardi
585 2365 785 2430 invenimus
806 2366 912 2430 etiam
934 2367 969 2428 in
994 2365 1174 2430 codicibus
1194 2364 1369 2428 Vaticano
1394 2368 1493 2444 4498,

105 2470 283 2536 Urbinate
307 2477 383 2552 655,
407 2471 575 2554 Romano,
599 2471 857 2536 Hummeliano

194 2598 299 2664 XL4
322 2596 473 2682 varini]
497 2598 623 2660 narmi
647 2596 719 2678 MS,
745 2597 948 2679 corruptela
972 2614 1077 2678 quam
1102 2596 1291 2660 levissima.

194 2723 319 2789 XLIII
328 2726 378 2791 23
402 2721 576 2807 feritati]
598 2723 769 2808 feritate
790 2720 859 2802 MS,
884 2721 1080 2786 ablativum
1101 2739 1222 2785 casum
1239 2720 1395 2784 Venetus
1412 2735 1494 2800 quo·

105 2845 173 2909 que
200 2829 314 2894 codex
337 2828 495 2911 praebet.

196 2954 335 3022 XLV5
360 2953 539 3039 deorum]
564 2975 695 3018 eoram
718 2954 793 3020 MS:
815 2955 906 3020 haec
926 2955 1031 3020 lectio
1051 2961 1240 3036 praeterea
1261 2954 1296 3015 in
1313 2953 1494 3018 codicibus

106 3059 290 3140 Urbinate,
315 3060 484 3143 Romano,
509 3059 712 3125 Florentino
737 3062 875 3143 legitur.

195 3167 366 3249 Reliquae
382 3167 452 3231 iam
469 3171 551 3231 suut
566 3185 586 3231 e
603 3172 701 3231 tanto
724 3168 912 3233 lectionum
934 3167 1203 3248 congruentium
1223 3184 1369 3230 numero
1391 3166 1493 3246 duae,

106 3274 233 3353 quibus
257 3292 296 3338 re
320 3291 409 3338 vera
432 3273 467 3336 M
491 3281 526 3338 et
549 3273 572 3338 S
601 3274 780 3339 coniuncti
804 3279 899 3338 stant
927 3279 1052 3339 contra
1079 3274 1266 3338 lectionem
1291 3274 1494 3354 vulgatam:

388 3381 531 3446 XXV6
578 3386 630 3445 MS
653 3393 679 3446 ol
702 3387 784 3446 libori
950 3387 1002 3445 Lv.
1029 3405 1063 3445 oo
1085 3386 1166 3444 libori

348 3487 532 3552 XXXV13
652 3500 744 3568 opaci
1029 3499 1118 3568 opaci

197 3613 299 3694 Quae
316 3613 486 3678 lectiones
507 3620 569 3677 aut
589 3631 675 3678 casu
697 3614 921 3679 consentiunt
937 3618 999 3678 aut
1015 3633 1059 3678 ex
1076 3632 1145 3677 uno
1162 3613 1357 3694 eodemque
1373 3611 1495 3676 arche-

111 3725 193 3802 typo
218 3719 393 3785 deductae
424 3724 521 3784 sunt:
553 3720 645 3802 quod
677 3726 750 3784 tum
783 3721 921 3784 demum
954 3721 1148 3786 diiudicare
1179 3720 1381 3802 poterimus,
1415 3737 1495 3784 cum

110 3825 253 3891 Holderi
283 3827 442 3891 codicem
465 3854 485 3914 y
507 3827 651 3908 reliquis
679 3827 890 3892 lectionibus
920 3827 1082 3892 codicum
1105 3827 1140 3890 M
1164 3832 1199 3890 et
1223 3827 1245 3891 S
1274 3826 1496 3890 consentien-

111 3934 201 3998 tibus
226 3933 564 4015 amplificaverimus
588 3935 681 3998 etin
707 3934 801 3998 hunc
825 3952 1033 3998 consensum
1062 3934 1357 4015 inquisiverimus.
1405 3932 1495 3996 Nam

111 4039 203 4104 hanc
234 4057 308 4104 rem
339 4039 473 4104 Holder
505 4040 551 4103 ad
581 4040 786 4105 umbilicum
817 4059 887 4103 non
919 4040 1083 4104 adduxit:
1112 4059 1227 4121 neque
1256 4039 1496 4104 enimomnes

110 4147 279 4212 lectiones
303 4146 464 4211 codicum
489 4148 523 4212 M
540 4154 575 4212 et
595 4149 618 4214 S
641 4149 804 4230 proprias
828 4153 863 4212 et
886 4149 978 4212 inter
1001 4167 1039 4213 se
1063 4152 1298 4228 congruentes
1322 4147 1387 4210 sub
1412 4150 1498 4209 nota

109 4253 303 4339 ycollegit.
353 4252 455 4334 Quod
479 4273 560 4319 cum
584 4273 654 4318 nou
678 4255 817 4336 fecerit,
843 4255 1143 4336 comparationem
1169 4253 1329 4319 codicum
1354 4252 1389 4315 M
1413 4256 1448 4315 et
1472 4251 1499 4317 S

110 4361 224 4424 denuo
249 4360 471 4424 instituamus
495 4380 640 4426 necesse
665 4369 728 4427 est.
777 4361 856 4442 Qua
884 4362 920 4424 iu
949 4380 986 4425 re
1017 4361 1168 4442 primum
1199 4359 1339 4441 quidem
1374 4377 1496 4422 omnes

110 4468 279 4531 lectiones
304 4471 366 4531 aut
389 4468 649 4532 consentientes
673 4475 734 4531 aut
767 4467 1011 4532 dissentientes
1045 4466 1260 4547 omittamus
1290 4481 1381 4547 quae
1413 4466 1497 4529 scri-

110 4574 216 4639 bendi
248 4578 384 4637 tantum
415 4575 561 4638 rationis
592 4593 702 4639 causa
732 4578 897 4638 enotatae
928 4578 1018 4654 sunt,
1048 4577 1084 4637 et
1113 4573 1147 4635 in
1180 4573 1305 4654 quibus
1331 4577 1393 4635 aut
1417 4590 1497 4636 con-

110 4687 241 4762 gruunt
265 4685 327 4745 aut
350 4681 540 4763 divergunt
564 4681 704 4747 codices
728 4682 763 4745 M
787 4686 822 4746 et
845 4681 868 4746 S
892 4686 954 4746 aut
977 4682 1069 4746 inter
1092 4700 1129 4745 se
1153 4685 1215 4744 aut
1238 4697 1319 4744 cum
1343 4679 1496 4744 lectione

112 4788 276 4869 vulgata:
308 4805 365 4851 res
397 4789 489 4852 enim
521 4789 816 4870 orthographicas
847 4790 882 4851 iu
912 4788 1042 4853 talibus
1066 4787 1255 4866 codicibus
1281 4786 1412 4867 quippe
1437 4785 1496 4867 qui

111 4896 175 4959 sub
205 4897 312 4958 finem
342 4895 476 4959 saeculi
507 4895 573 4959 XV
606 4895 673 4958 orti
705 4895 783 4976 sint,
816 4895 949 4958 minimi
980 4895 1147 4958 momenti
1179 4909 1255 4956 esse
1286 4893 1357 4955 iam
1388 4909 1497 4972 supra

111 5002 325 5081 monuimus;
351 5005 470 5065 tamen
494 5001 562 5066 hoc
586 5002 736 5066 fortasse
767 5018 1044 5066 commemorare
1077 5001 1210 5081 licebit,
1240 5000 1395 5064 minutiis
1424 5000 1496 5080 qui-
