3688 5908
914 496 1155 556 —118—

1105 687 1144 726 'sl
1159 687 1228 726 donas
1431 719 1434 724 .

431 743 494 805 XL
518 749 535 805 5
561 763 713 805 summes
736 762 793 804 seu
809 740 996 804 scardona
1013 739 1045 818 S,
1062 740 1218 802 suarinas
1236 739 1479 820 archetypum,
1501 739 1668 803 sutoriam
1686 739 1741 802 M.

1223 857 1247 885 08

431 903 543 966 XLll
571 902 772 964 cortrat'ssum
795 922 852 964 sea
876 920 1064 964 concessam
1089 898 1125 979 S,
1155 900 1356 962 conlata-sam
1381 899 1629 980 archetypum,
1655 920 1739 963 con-

342 1031 469 1074 cessum
494 1009 537 1071 M.
1443 1013 1447 1021 ’

433 1133 533 1214 Quae
559 1132 676 1195 omnia
702 1151 781 1195 cum
802 1131 993 1212 perpendo,
1016 1131 1175 1194 codicem
1196 1130 1229 1192 M
1251 1149 1296 1193 ex
1318 1131 1387 1192 alio
1410 1129 1604 1211 archetypo
1622 1136 1739 1211 atque

344 1240 502 1305 codicem
528 1239 550 1303 S
575 1241 790 1319 exscriptum
815 1256 891 1300 esse
915 1255 978 1318 pro
1004 1242 1101 1301 certo
1126 1237 1251 1302 habeb.
1286 1237 1388 1317 Quod
1409 1238 1436 1300 si
1459 1237 1509 1300 ita
1530 1243 1592 1318 est,
1615 1236 1739 1301 codex

239 1357 241 1362 '
342 1347 402 1410 ille
419 1373 446 1434 7,
472 1364 575 1427 quem
602 1353 799 1408 statuerunt
824 1345 955 1408 Holder
980 1350 1014 1408 et
1038 1344 1283 1423 Baelrrensius,
1309 1361 1500 1425 numquam
1524 1345 1667 1423 exstitit,
1697 1349 1739 1406 et

342 1453 573 1534 supersedere
599 1453 667 1515 iam
693 1470 876 1533 possumus
901 1451 1037 1532 reliqua
1061 1452 1294 1534 inquisitione,
1317 1469 1399 1512 num
1420 1469 1458 1513 re
1480 1468 1567 1513 vera
1590 1451 1649 1514 ille
1674 1451 1737 1514 de-

342 1559 520 1624 scenderit
537 1578 555 1622 e
573 1559 733 1622 codicum
751 1577 880 1638 genere
897 1557 966 1637 01),
985 1563 1226 1622 correcturam
1242 1575 1367 1638 passus
1384 1558 1428 1619 sit
1441 1576 1460 1619 e
1474 1575 1604 1636 genere
1616 1557 1676 1621 AB
1696 1564 1737 1620 et

342 1667 452 1747 Alpes
473 1672 714 1745 transgressus
736 1665 770 1727 in
788 1664 979 1728 Germania
1000 1663 1129 1726 notatis
1153 1663 1362 1726 lectionibus
1387 1664 1518 1728 codicis
1535 1663 1567 1725 H
1584 1669 1736 1727 ornatus

341 1774 396 1837 sit.
444 1771 512 1835 Sed
537 1790 653 1834 novae
678 1772 777 1835 nobis
806 1753 954 1852 surgunt
978 1771 1216 1851 quaestiones:
1246 1789 1328 1833 nam
1354 1771 1544 1833 videndum
1570 1771 1639 1834 iam
1665 1777 1733 1852 est,

342 1897 531 1962 quemnam
557 1897 685 1941 nexum
711 1897 748 1940 re
774 1897 861 1941 vera
885 1877 1040 1940 habeant
1071 1881 1106 1940 et
1137 1877 1228 1941 inter
1259 1896 1296 1940 se
1321 1883 1355 1940 et
1380 1896 1458 1941 cum
1485 1877 1562 1940 aliis
1587 1878 1734 1942 codices

344 1987 377 2050 M
392 1995 427 2049 et
440 1985 473 2065 S,
488 1993 521 2048 et
536 2004 579 2048 an
595 1987 754 2066 fortasse,
769 1985 833 2047 etsi
846 2002 915 2046 non
929 1983 1042 2046 eidem
1056 1983 1261 2064 archetype,
1276 1989 1432 2046 attamen
1446 1985 1559 2047 eidem
1573 1985 1734 2048 familiae

342 2095 411 2157 sint
442 2091 669 2155 tribuendae:
702 2092 794 2173 quod
818 2092 888 2154 iarn
912 2091 1072 2172 sequenti
1097 2090 1199 2153 huius
1224 2091 1349 2171 capitis
1374 2097 1476 2172 parte
1501 2093 1733 2156 absolvamus

342 2207 377 2265 et
399 2217 547 2280 agamus
569 2198 611 2260 de
634 2199 710 2263 loco
733 2199 912 2262 codicibus
928 2198 962 2260 M
979 2203 1014 2260 et
1031 2197 1052 2261 S
1069 2197 1104 2259 in
1123 2195 1346 2261 Taciteornm
1365 2198 1524 2262 codicum
1543 2205 1732 2263 stemmate

341 2305 537 2371 tribuendo,
1231 2379 1232 2382 Ἴ

433 2411 627 2476 Nonnullas
652 2413 820 2475 lectiones
843 2412 913 2475 huc
937 2415 1140 2492 spectantes
1164 2412 1234 2473 iam
1258 2412 1491 2475 tractavimus
1516 2418 1552 2475 et
1576 2413 1732 2477 vidimus

341 2520 482 2585 codices
507 2525 643 2580 nostros
673 2518 875 2598 discrepare
903 2518 995 2580 inter
1023 2535 1060 2580 se
1089 2517 1418 2598 interpolationibus
1447 2523 1482 2581 et
1506 2520 1732 2602 correcturis

340 2635 530 2709 praeterea
563 2626 668 2688 etiam
703 2643 754 2694 oo,
789 2624 881 2706 quod
915 2630 1061 2704 uterque
1095 2624 1284 2693 lectionem
1316 2643 1413 2688 suam
1449 2626 1552 2689 modo
1586 2646 1631 2690 ex
1660 2626 1732 2692 hoc

340 2733 443 2797 modo
469 2750 514 2794 ex
537 2732 597 2794 illo
623 2731 745 2795 codice
767 2732 963 2794 traditionis
985 2733 1154 2812 vulgatae
1177 2731 1302 2809 eligat:
1326 2750 1393 2812 quo
1416 2733 1451 2795 in
1469 2729 1609 2798 delectu
1627 2740 1732 2796 tanta

340 2840 498 2904 varietas
523 2838 622 2900 nobis
647 2839 810 2919 occurrit,
842 2844 879 2901 ut
903 2838 1109 2919 perdifficile
1142 2839 1238 2902 dictu
1269 2839 1322 2919 sit,
1357 2859 1378 2902 a
1411 2858 1564 2921 quonam
1596 2859 1731 2920 genere

340 2947 503 3012 codicum
527 2945 587 3008 AB
613 2951 673 3008 aut
698 2945 757 3009 CD
782 2948 940 3028 proxime
965 2945 1069 3010 distet
1094 2953 1241 3029 uterque
1266 2949 1389 3014 codex.
1418 2949 1474 3011 Ita
1497 2967 1542 3012 ex
1567 2949 1731 3012 omnibus

342 3053 562 3131 lectionibus
581 3069 668 3132 quas
686 3053 864 3118 advocare
880 3072 1063 3134 possumus
1081 3054 1126 3117 ad
1144 3054 1379 3117 definiendam
1396 3055 1548 3117 indolem
1567 3055 1732 3132 codicum

341 3161 374 3223 M
400 3165 436 3223 et
460 3158 492 3240 S,
518 3177 582 3221 eae
607 3163 750 3239 restant,
777 3161 901 3241 quibus
925 3161 990 3224 sibi
1015 3165 1216 3242 repugnant
1237 3161 1295 3223 AB
1321 3169 1355 3225 et
1381 3161 1451 3242 OD,
1476 3162 1570 3225 Met
1595 3161 1617 3226 S
1642 3180 1732 3225 vero

341 3267 433 3330 inter
449 3284 487 3329 se
505 3273 636 3330 etcum
659 3267 770 3329 altero
791 3260 923 3346 genere'
939 3268 1171 3333 consentiunt.
1212 3268 1455 3349 Adiungamus
1476 3269 1530 3333 his
1547 3269 1742 3345 codicibus¹

341 3374 449 3438 etiam
473 3373 631 3438 codicem
656 3378 684 3454 d,
712 3380 747 3436 ut
774 3375 964 3455 videamus,
990 3392 1058 3456 quo
1083 3375 1186 3438 modo
1211 3394 1267 3439 res
1291 3395 1328 3438 se
1352 3376 1484 3439 habeat
1512 3377 1604 3439 inter
1633 3375 1732 3440 hunc

340 3481 500 3547 codicem
525 3486 560 3543 et
583 3480 651 3544 MS.

878 3677 949 3742 AB
1277 3677 1343 3744 CD

463 3826 465 3830 ’
526 3836 604 3899 Cap.
653 3818 668 3880 I
702 3826 719 3881 9
788 3824 935 3882 danubius
959 3823 1009 3883 MS
1194 3824 1385 3887 annotasti·

682 3931 719 3988 to
783 3930 840 4006 plu
863 3931 868 3941 '
1187 3932 1289 4006 plures
1313 3931 1364 3990 MS

636 4032 668 4094 ll
680 4039 718 4094 14
788 4037 826 4094 ir'
1193 4043 1248 4094 ires
1271 4037 1344 4099 MSd

681 4145 718 4202 tr
788 4144 842 4219 plu
866 4145 870 4155 '
1188 4145 1291 4220 plures
1314 4144 1386 4206 MSd

714 4253 719 4270 ⁸
789 4250 878 4308 coruli
902 4249 920 4312 d
1195 4252 1317 4309 coerulei
1340 4251 1391 4310 MS

783 4357 944 4432 pnnpitt'r'ne
967 4356 1044 4419 MSd'
1187 4358 1314 4433 propitii

702 4505 717 4521 s
788 4465 876 4522 eliam
1193 4471 1218 4523 et
1241 4465 1293 4524 MS

702 4615 716 4626 .
788 4576 840 4627 uui
1194 4577 1219 4628 ol
1242 4570 1293 4630 MS

789 4682 840 4733 uui
1194 4682 1220 4734 ei
1243 4676 1315 4739 MSd

788 4789 911 4842 nmrlem
921 4830 927 4842 .
939 4829 945 4842 .
956 4828 963 4842 .
974 4788 999 4841 ct
1013 4783 1155 4840 herculem
1196 4783 1337 4842 herculem
1345 4789 1508 4842 barnariem
1515 4783 1588 4846 MSd
1620 4835 1623 4844 Δ

681 4935 695 4946 .
789 4890 862 4948 istos
1193 4890 1259 4948 illos
1282 4891 1333 4950 MS

680 5034 718 5053 nu
788 4997 997 5072 aaploru(n)tur
1044 5049 1046 5056 ,
1193 4997 1342 5072 capierunt
1364 4997 1415 5057 MS
