3688 5908
942 524 1163 584 ..72-

361 735 442 782 nam
468 716 642 780 exstiterit
667 716 702 778 in
727 732 768 779 eo
793 714 926 795 codice,
951 733 996 778 ex
1024 731 1093 796 quo
1122 714 1192 777 sint
1214 714 1401 796 exscripti3
1433 718 1559 779 contra
1583 718 1755 796 apertum

359 829 423 905 est,
455 824 562 888 etiam
593 823 646 886 his
679 823 714 885 in
745 821 900 886 minutiis
933 839 1141 886 consensum
1173 821 1335 886 codicum
1363 820 1396 884 H
1424 825 1460 885 et
1482 821 1514 884 V
1536 822 1756 903 plerumque

359 931 547 1013 archetypi
568 931 756 995 lectionem
773 935 966 1010 praestare.
983 928 1231 993 —Praeterea
1247 928 1292 992 ad
1310 928 1594 994 constituendum
1610 933 1753 994 textum

359 1037 546 1119 archetypi
587 1036 799 1101 accedentes
839 1037 1040 1100 omittamus
1080 1035 1197 1100 adhuc
1236 1039 1459 1100 correcturas
1499 1036 1756 1100 adnotationes

359 1145 608 1226 supplementa
638 1160 805 1206 manuum
835 1143 1081 1223 recentiorum,
1114 1142 1157 1206 de
1189 1142 1316 1223 quibus
1347 1142 1440 1205 infra
1468 1143 1647 1224 agendum
1668 1144 1753 1208 erit.

449 1287 565 1368 Atque
589 1286 670 1366 iam,
695 1287 723 1348 si
747 1286 875 1368 placet,
901 1286 1125 1350 conferamus
1158 1302 1218 1348 eos
1249 1286 1355 1366 locon,
1388 1286 1514 1367 quibus
1547 1287 1637 1350 adeo
1665 1305 1753 1352 con-

359 1394 515 1459 sentiunt
538 1393 571 1455 H
600 1397 635 1456 et
658 1392 698 1472 V,
734 1399 771 1455 ut
805 1392 957 1456 librariis
991 1410 1112 1455 eorum
1145 1392 1292 1472 singulis
1325 1392 1412 1457 locis
1445 1411 1517 1456 una
1549 1393 1750 1476 eademque

361 1501 465 1566 lectio
495 1508 577 1564 ante
606 1500 727 1563 oculos
750 1505 895 1563 versata
918 1517 994 1562 esse
1018 1499 1183 1563 videatur
1207 1499 1349 1583 (collegi
1372 1518 1434 1563 eas
1457 1500 1493 1563 in
1518 1500 1749 1564 collationum

362 1608 463 1672 huius
487 1607 613 1688 capitis
638 1606 889 1689 compositione
918 1608 982 1670 sub
1010 1611 1096 1669 nota
1124 1610 1155 1689 δ)
1179 1613 1215 1670 et
1243 1624 1466 1688 quaeramua
1501 1607 1668 1688 quidnam
1699 1627 1748 1672 ex

362 1715 415 1778 his
439 1713 648 1778 lectionibus
672 1717 850 1793 sequatur.

449 1857 502 1921 Ac
523 1856 674 1938 primum
697 1853 837 1936 quidem
860 1854 892 1917 H
915 1859 952 1918 et
968 1854 998 1917 V
1017 1854 1136 1918 multis
1156 1854 1243 1919 locis
1267 1859 1467 1935 congruunt
1490 1874 1570 1921 cum
1594 1858 1746 1922 lectione

364 1965 521 2044 vulgata,
557 1962 698 2042 saepius
735 1964 853 2025 autem
889 1961 982 2024 inter
1018 1979 1056 2024 se
1090 1961 1127 2023 in
1162 1961 1314 2026 lectione
1350 1963 1471 2044 aliqua
1511 1964 1743 2040 consentiunt,

360 2089 452 2154 quae
492 2088 513 2132 a
544 2069 640 2132 nullo
676 2068 798 2134 codice
831 2067 1029 2132 traditionis
1063 2069 1234 2150 vulgatae
1273 2068 1478 2151 exhibetur;
1519 2070 1641 2134 videas
1677 2070 1744 2134 hos

362 2181 474 2243 locos:

651 2283 684 2346 ll
714 2291 731 2347 9
779 2289 846 2346 HV
869 2289 932 2346 nisi
954 2289 1013 2347 sibi
1170 2288 1201 2346 L.
1218 2309 1245 2347 v.
1268 2290 1331 2346 nini
1353 2290 1381 2348 si

634 2391 731 2453 IIIl3
867 2396 1012 2453 incolatur
1266 2396 1405 2454 incolitur

637 2497 730 2560 Vim
864 2502 999 2577 primm
1263 2504 1364 2578 primo

616 2605 684 2666 XII
714 2613 731 2666 5
867 2610 989 2684 insuper
1010 2615 1037 2667 ci
1266 2611 1389 2686 insuper

619 2711 731 2773 XV12
867 2716 994 2790 ainpulis
1267 2736 1286 2774 o
1308 2718 1436 2792 mrtpulii

566 2817 731 2880 Xlele
862 2841 957 2897 parua
1262 2843 1358 2899 prora

584 2923 730 2986 xXt'rr
868 2929 915 2986 us
957 2920 1022 3013 pp-
1266 2932 1306 2988 iu

693 3037 730 3092 12
865 3041 988 3109 rcpnuni
1265 3045 1427 3112 repnentur

579 3136 683 3200 XXX
715 3145 730 3200 ῖ
866 3143 979 3198 animis
1267 3145 1364 3201 animi

561 3315 730 3378 XXXIIS
865 3260 941 3378 (ἰανίῖ
1265 3323 1355 3380 diuae

526 3421 730 3485 XXXIIIIO
865 3427 899 3484 in
920 3428 1054 3501 pontibus
1078 3428 1130 3504 (ita
1151 3428 1200 3506 Οἳ)
1267 3431 1301 3486 in
1324 3431 1494 3504 cernentibus

513 3529 731 3593 XXXVllto
866 3540 892 3592 ei
914 3535 976 3609 ipse
1009 3537 1031 3580 1>
1265 3542 1291 3594 ei
1315 3538 1378 3612 ipso
1401 3543 1426 3594 ci
1451 3538 1511 3612 ipso

693 3643 732 3698 28
866 3661 973 3698 rursus
976 3641 1060 3716 parisi
1069 3662 1137 3699 rrum
1146 3643 1197 3718 (ita
1205 3643 1239 3714 G)
1264 3663 1372 3700 rursus
1397 3644 1463 3701 indo
1480 3644 1566 3720 pulsi

496 3741 685 3804 XXXVIII
715 3751 733 3806 9
868 3749 986 3823 saepius
1265 3771 1348 3826 stupe

590 3849 685 3912 XLI'
715 3857 733 3912 3
868 3861 932 3913 ortu
958 3874 987 3911 se
1010 3855 1096 3912 (inrui
1115 3848 1142 3908 's
1162 3851 1176 3894 ⁵
1266 3864 1348 3915 ortus
1370 3859 1472 3916 edurat

572 3956 685 4018 XLI'I
715 3963 733 4019 3
869 3962 983 4036 quidem
1267 3966 1386 4040 nitidum

450 4169 587 4232 Deinde
611 4187 674 4232 sex
698 4168 784 4232 locis
808 4176 955 4252 uterque
977 4171 1089 4235 codex
1110 4179 1296 4254 corruptus
1317 4182 1380 4252 est,
1402 4181 1510 4256 atque
1525 4176 1577 4239 ita
1594 4176 1742 4259 quidem,

362 4281 399 4341 nt
431 4275 523 4340 hanc
553 4276 792 4358 corruptelam
822 4295 867 4340 ex
895 4277 1090 4360 archetypo
1119 4279 1194 4360 ipso
1223 4280 1420 4360 profectam
1453 4300 1531 4345 esse
1561 4283 1669 4348 facilc
1698 4283 1742 4346 in·

361 4384 524 4463 tellegas:

634 4490 731 4554 lilla
780 4497 805 4554 II
818 4497 844 4552 Υ
868 4505 975 4572 roperto
999 4499 1048 4561 (itu
1070 4499 1104 4556 rt
1169 4500 1201 4558 L.
1215 4521 1241 4558 r.
1266 4509 1403 4576 riparium

603 4598 684 4660 XII'
714 4607 732 4662 3
869 4606 1010 4678 injurium
1269 4610 1379 4683 insnum
1404 4611 1435 4668 in

598 4705 682 4767 XXI
694 4715 731 4768 ll
866 4714 969 4770 ululent
1264 4718 1382 4774 alanni

495 4811 683 4874 XXXVIII
714 4819 731 4874 9
866 4838 976 4878 cortun.
1002 4839 1097 4876 nrum
1268 4843 1367 4879 rurum

567 4917 683 4980 XLIII
712 4927 730 4980 2
865 4927 1083 5000 penula-utapro·
1107 4929 1189 4985 anna
1263 4931 1483 5006 urranlruumpue

713 5033 731 5088 3
866 5033 944 5089 uultu
1264 5037 1398 5112 oninique
