3688 5908
136 826 170 884 ,a
356 790 453 848 nulio
564 768 566 845 t
715 825 744 883 Η

171 846 197 901 p'
295 879 509 937 Muellenhotfii
564 850 566 978 ⁴
889 910 891 978 Ι

31 1103 32 1116 ,
103 1046 180 1098 XLVI
191 1049 221 1096 26
385 1046 419 1098 ut
564 1048 565 1139 l
709 1046 744 1097 ut
1036 1065 1068 1071 -

365 1137 444 1188 θεεθῖ
564 1160 565 1215 p
688 1135 766 1188 esset
1036 1155 1068 1160 -

191 1227 221 1275 27
326 1219 479 1277 Hellusios
564 1254 565 1308 p
656 1219 797 1276 hellusics
1036 1245 1067 1250 -
1327 1244 1359 1251 -

308 1315 339 1368 et
363 1306 491 1366 Oxionas
564 1312 566 1431 p
641 1314 671 1366 et
694 1309 814 1365 Oxionas
913 1307 1039 1380 oxionas,
1067 1308 1179 1366 etionas
1263 1309 1419 1367 oxionas..

564 1444 565 1457 ,
601 1399 635 1455 c'a
650 1417 689 1454 ru.
706 1397 742 1455 cl.
759 1397 852 1454 ehone
1034 1422 1066 1429 -
1094 1395 1145 1474 [V2
1162 1417 1200 1455 aa.
1327 1423 1359 1430 -

189 1495 221 1542 28
325 1488 483 1562 voltusque
564 1478 565 1489 ¹
711 1511 741 1518 -
981 1486 1122 1565 vultusq3
1213 1485 1216 1496 “

190 1584 221 1632 29
291 1576 506 1651 incompertum
960 1575 1142 1650 incepertum
1214 1641 1215 1650 ¹

991 1664 1114 1738 Cornelii
1214 1722 1216 1735 ‚

946 1754 1027 1810 taciti
1052 1754 1087 1811 de
1111 1754 1167 1811 ori·
1214 1802 1216 1813 .

316 1755 496 1830 Subscrcptc‘o

335 1937 469 1990 carucata:

565 1764 566 1793 l

291 1845 380 1901 rubro
404 1843 515 1918 liquore
950 1842 1017 1917 gine
1041 1850 1069 1900 et
1094 1843 1153 1900 situ

565 1972 566 2016 l
946 1930 1144 1989 Germanorum
1157 1928 1159 2012 l

565 2084 566 2095 ¹
890 2030 892 2143 ι
938 2021 1012 2078 liber
1035 2021 1163 2096 explicit,
1215 2061 1216 2085 ,

188 2549 348 2617 Collectis
372 2551 436 2614 tali
460 2551 564 2614 modo
588 2551 798 2616 lectionibus
820 2551 980 2614 codicum
1001 2556 1199 2613 nostrorum
1221 2549 1464 2614 accedendum

105 2656 156 2719 crit
168 2659 208 2721 ad
223 2659 494 2740 disputationem
512 2659 554 2722 de
572 2660 749 2723 communi
764 2677 885 2722 eorum
899 2659 994 2722 fonte
1009 2658 1219 2723 habendam.
1238 2657 1341 2738 Quod
1355 2657 1467 2738 prius-

106 2780 191 2842 quam
211 2766 392 2846 faciamus,
417 2767 631 2829 monendum
654 2766 739 2829 mihi
763 2767 903 2830 videtur
932 2785 1018 2848 esse,
1049 2786 1093 2830 ne
1122 2766 1341 2845 lectionibus,
1375 2783 1467 2845 quae

107 2871 186 2934 uobis
202 2891 219 2936 θ
236 2875 308 2937 εοΙο
324 2877 385 2936 aut
397 2871 430 2936 H
446 2879 507 2936 aut
521 2873 552 2936 V
563 2881 728 2937 servatae
742 2878 824 2936 sunt
840 2874 965 2938 silente
979 2875 1090 2938 altero
1105 2880 1203 2952 teste,
1217 2870 1324 2934 fidem
1338 2871 1467 2935 habea-

108 2993 178 3041 mus:
198 2998 408 3063 quamquam
427 2983 520 3046 enim
536 2983 676 3064 saepius
691 2983 768 3046 veri
786 2981 839 3047 θεῖ
856 2983 978 3064 simile,
997 2984 1031 3045 in
1051 2965 1163 3046 altero
1181 2998 1321 3061 quoque
1342 2979 1465 3044 codice

106 3085 230 3150 eandem
258 3089 434 3153 exstitisse
462 3091 665 3170 lectionem,
702 3093 820 3153 tamen
856 3089 891 3151 in
927 3090 1181 3154 recentioribus
1213 3087 1266 3150 his
1298 3093 1332 3150 et
1363 3087 1467 3149 inter-

108 3191 210 3268 polatis
246 3196 427 3260 codicibus
466 3204 636 3278 quantum
676 3214 860 3278 possumus
899 3214 1091 3260 caveamus
1135 3212 1280 3258 necesse
1320 3198 1382 3272 θεῖ,
1422 3210 1466 3254 ne

107 3300 323 3366 conclusiones
359 3303 531 3367 faciamus
563 3323 582 3367 θ
615 3303 752 3366 silentio
787 3302 937 3365 testium.
985 3303 1107 3383 Neque
1139 3320 1224 3365 vero
1259 3319 1339 3365 cum
1374 3300 1464 3363 tales

109 3404 269 3473 omittimus
298 3410 477 3492 lectiones
508 3413 677 3490 magnam
708 3407 880 3473 faciemus
904 3409 1094 3472 iacturam:
1121 3427 1211 3489 quae
1236 3427 1292 3471 res
1317 3407 1463 3472 consilio

108 3527 204 3577 eorum
232 3517 441 3599 explicatur,
474 3518 533 3598 qui
566 3518 690 3581 horum
723 3516 885 3581 codicum
918 3516 1124 3580 collationes
1156 3516 1327 3580 feceruut.
1374 3515 1464 3578 Nam

108 3617 198 3684 codex
222 3623 253 3686 H
283 3624 402 3687 multis
434 3624 564 3688 abhinc
599 3625 700 3687 annis
737 3625 887 3688 collatus
922 3631 975 3687 θεῖ
1007 3623 1049 3686 ad
1084 3623 1220 3704 priscas
1252 3621 1466 3686 Germaniae

108 3721 259 3813 editiones
297 3731 422 3812 quibus
462 3733 594 3795 multae
626 3731 849 3812 corruptelae
880 3731 1020 3794 inerant
1051 3730 1154 3793 hodie
1194 3730 1351 3792 virorum
1388 3729 1467 3814 doc-

109 3835 198 3896 torum
237 3855 346 3920 opera
388 3839 567 3918 sublatae;
617 3857 767 3920 cumque
813 3838 987 3901 interdum
1033 3837 1146 3901 codex
1192 3836 1224 3898 H
1271 3855 1351 3900 cum
1398 3843 1466 3898 tra-

110 3934 215 4006 ditione
247 3946 395 4026 vulgata
432 3947 656 4009 consentiens
693 3946 886 4026 genuinam
923 3945 1107 4008 exhiberet
1142 3944 1340 4022 lectionem,
1375 3942 1467 4006 haec

109 4041 161 4107 illis
178 4049 256 4116 viris
280 4060 357 4116 erat
381 4053 575 4133 enotanda3
601 4057 726 4117 contra
750 4053 864 4116 codex
880 4051 921 4133 V,
947 4051 1144 4114 nouissimis
1169 4051 1308 4113 demum
1334 4056 1466 4130 tempo-

113 4149 186 4217 ribus
207 4160 363 4239 collatus,
388 4161 478 4222 tales
503 4161 672 4224 lectiones
697 4160 871 4239 genuinas
895 4165 930 4222 et
954 4178 976 4222 a
999 4164 1167 4222 contextu
1189 4159 1377 4220 verborum
1400 4157 1466 4219 dis-

110 4272 269 4340 crepantes
292 4267 363 4330 iam
387 4285 457 4329 non
482 4267 683 4331 exhibebat.
731 4265 811 4346 Qua
839 4285 878 4329 re
906 4266 1039 4329 factum
1069 4270 1130 4344 est,
1163 4270 1200 4326 ut
1228 4265 1346 4328 multis
1378 4263 1465 4328 locis

112 4360 267 4436 lectionem
293 4373 449 4454 aliquam
473 4374 667 4438 habeamus
692 4393 711 4437 e
736 4373 858 4437 codice
882 4371 915 4436 H
940 4377 1119 4435 enotatam
1148 4389 1297 4452 eamque
1322 4371 1465 4433 minime

31 4473 32 4476 ’
109 4467 305 4561 singularem,
339 4498 420 4544 cum
451 4480 599 4569 eandem
631 4481 818 4544 lectionem
848 4480 884 4542 in
913 4479 1159 4543 collationibus
1185 4479 1316 4543 codicis
1341 4479 1371 4541 V
1395 4495 1465 4540 non

111 4583 225 4647 exstare
247 4587 342 4650 haud
366 4587 557 4651 doleamus,

180 4706 301 4775 Contra
325 4712 359 4775 in
385 4712 507 4776 codice
524 4711 556 4774 V
580 4711 794 4776 conferendo
818 4728 1054 4791 magnacum
1080 4711 1262 4790 diligentia
1287 4711 1321 4772 id
1346 4721 1464 4773 actum

111 4812 152 4870 est
171 4831 189 4875 a
211 4819 289 4884 viris
314 4819 435 4900 doctis,
466 4826 503 4883 ut
528 4838 634 4882 unam
659 4837 835 4901 quamque
860 4818 1006 4881 rationis
1030 4817 1205 4883 scribendi
1230 4817 1464 4879 differentiam

113 4923 275 5008 enatarent,
299 4946 406 5009 quam
426 4946 501 4991 rem
522 4928 556 4990 in
579 4928 701 4991 codice
723 4926 756 4989 H
777 4945 846 4989 uon
868 4926 992 4990 eodem
1014 4925 1158 4989 consilio
1180 4924 1357 5004 persecuti
1373 4935 1464 4987 suut.

111 5013 163 5085 Sed
189 5027 248 5097 hoc
278 5053 386 5116 aegre
416 5053 487 5097 non
520 5035 682 5115 feremus
719 5035 885 5114 quoniam
920 5040 1041 5095 notum
1076 5031 1175 5094 uobis
1211 5035 1273 5112 θεῖ,
1310 5045 1464 5112 quanam
