3688 5908
685 531 906 592 ..75-

113 717 241 798 corrigit
270 720 307 783 in
341 722 529 784 lectionem
558 721 754 801 vulgatam,
788 721 846 784 ubi
877 720 1070 802 quemlibet
1102 721 1261 785 codicem
1292 721 1490 786 traditionis

111 823 199 886 huius
223 827 326 892 adire
352 830 465 910 potuit
489 828 544 910 V„
570 845 719 908 eamque
744 828 787 890 ob
812 846 886 890 rem
910 827 1018 890 etiam
1047 845 1147 890 suum
1177 829 1425 909 archetypum:
1455 828 1491 891 hi

111 929 169 994 loci
191 932 226 994 in
250 935 372 999 indice
397 942 516 999 nostro
541 954 582 998 eo
608 935 774 1012 cognosci
797 941 952 1014 possunt,
976 935 1069 1015 quod
1091 935 1132 997 iis
1153 936 1328 998 consentit
1344 935 1386 1018 V,
1411 954 1491 999 cum

111 1037 250 1102 lectione
276 1043 439 1121 vulgata,
465 1042 563 1104 nulla
587 1040 758 1104 adnotata
782 1040 980 1104 differentia
1004 1042 1095 1104 inter
1121 1042 1214 1122 ipsos
1239 1042 1398 1122 vulgaris
1423 1048 1492 1106 tra·

113 1145 239 1210 ditionis
266 1149 411 1214 codices
438 1150 621 1213 existente.
666 1153 810 1211 Restant
835 1149 986 1230 denique
1014 1167 1078 1212 eae
1105 1149 1283 1227 lectiones,
1306 1149 1341 1210 in
1364 1150 1490 1230 quibus

22 1308 23 1331 ,
113 1251 192 1314 iuter
212 1273 249 1317 se
268 1256 476 1337 discrepant
498 1255 638 1319 codices
659 1255 807 1334 vulgati,
830 1259 864 1317 et
882 1253 924 1336 V,
948 1255 1051 1317 modo
1073 1255 1141 1318 hoc
1157 1254 1259 1317 modo
1276 1255 1363 1318 illud
1379 1274 1491 1336 genus

22 1346 23 1439 ζ
114 1360 270 1444 sequitur,
306 1363 400 1443 quod
430 1364 564 1426 tactum
594 1380 671 1424 esse
696 1362 888 1424 secundum
913 1362 1045 1425 codicis
1070 1361 1217 1424 alicuius
1242 1363 1491 1426 auctoritatem

113 1474 262 1545 apparet,
288 1469 348 1550 qui
370 1474 404 1531 et
424 1457 505 1550 ipse
516 1468 619 1531 modo
637 1468 696 1530 AB
714 1468 817 1530 modo
835 1467 893 1532 CD
916 1468 1077 1532 codicum
1098 1467 1267 1530 lectiones
1290 1469 1491 1532 exhibebat.

114 1570 204 1651 Quod
227 1575 281 1637 ita
306 1575 412 1638 fuisse
437 1577 470 1638 in
497 1576 619 1638 codice
644 1573 676 1636 H
704 1592 812 1654 supra
836 1579 881 1656 (p.
899 1578 954 1653 43)
979 1573 1314 1638 demonstravimus:
1340 1593 1491 1657 eumque

113 1677 273 1744 lectiones
303 1683 352 1744 ibi
381 1682 513 1744 allatae
546 1700 678 1762 magna
711 1700 755 1744 ex
788 1686 889 1761 parte
923 1681 1030 1744 etiam
1064 1681 1099 1742 in
1134 1679 1256 1744 codice
1284 1681 1315 1743 V
1341 1687 1491 1762 exstent,

114 1803 241 1850 sumere
275 1790 477 1869 poterimus,
509 1791 616 1851 etiam
647 1788 880 1868 archetypum
909 1787 1070 1850 codicum
1100 1786 1131 1849 H
1156 1792 1191 1849 et
1215 1786 1244 1849 V
1270 1787 1430 1850 variasse
1454 1789 1490 1850 in

115 1892 279 1972 eligendis
312 1902 373 1958 aut
402 1895 460 1958 AB
490 1900 552 1958 aut
581 1894 639 1960 OD
672 1894 832 1959 codicum
867 1894 1093 1958 lectionibus:
1128 1912 1238 1975 quare
1273 1912 1383 1957 causa
1420 1912 1490 1956 non

116 2005 169 2077 est,
201 2020 265 2064 cur
298 2003 362 2064 has
394 2003 575 2082 lectiones,
601 2020 689 2083 quas
713 2002 756 2085 V,
782 2001 885 2064 modo
914 2020 959 2066 ex
984 2002 1043 2065 AB
1072 2002 1174 2064 modo
1204 2021 1249 2064 ex
1275 2000 1334 2066 OD
1360 2021 1491 2081 genere

114 2105 212 2188 eligit,
243 2127 289 2171 ex
317 2128 358 2171 eo
388 2116 484 2172 ortas
508 2128 578 2171 nou
607 2127 684 2171 esse
713 2108 982 2186 contendamus;
1015 2126 1166 2189 cumque
1201 2109 1242 2171 iis
1270 2109 1492 2190 lectionibus,

115 2213 230 2291 quibus
248 2215 291 2298 V,
318 2217 493 2280 consentit
519 2234 597 2279 curn
622 2215 665 2296 H,
691 2233 869 2296 cogamur,
896 2225 933 2278 ut
956 2214 999 2297 V,
1027 2215 1219 2278 correctori
1244 2233 1345 2278 usum
1372 2216 1493 2281 arche-

116 2321 182 2400 typi
211 2322 304 2386 illius
336 2323 566 2400 vindicemus,
600 2316 755 2404 reliquas
790 2340 929 2403 quoque
961 2328 1193 2401 correcturas,
1226 2323 1343 2403 quoad
1376 2340 1444 2385 non
1474 2341 1493 2385 e

115 2443 169 2489 suo
201 2429 342 2510 ingenio
376 2449 437 2494 eas
465 2431 696 2513 interpolavit
716 2429 776 2512 V„
806 2448 850 2493 ex
878 2431 946 2494 hoc
975 2433 1170 2510 archetypo
1201 2436 1383 2509 protectas
1417 2448 1494 2493 esse

118 2539 376 2600 autumabimus.

196 2641 249 2705 Ex
272 2645 313 2706 iis
340 2632 433 2725 quae
456 2645 567 2725 attuli,
590 2645 675 2707 satis
695 2643 779 2706 mihi
802 2662 977 2725 apparere
999 2645 1148 2723 videtur,
1166 2643 1339 2726 quomodo
1358 2643 1491 2706 facturn

119 2746 164 2827 sit,
188 2753 224 2810 ut
248 2751 387 2831 saepius
412 2758 611 2831 congruant
634 2749 666 2812 H
691 2757 725 2813 et
748 2749 806 2832 V„
831 2750 863 2813 V
886 2756 921 2812 et
944 2750 1006 2832 H„
1032 2750 1186 2831 quidque
1216 2750 1298 2812 inde
1329 2750 1372 2812 de
1402 2767 1491 2813 com-

119 2855 204 2916 muni
232 2857 384 2936 quodam
413 2857 608 2939 archetypo
638 2857 782 2937 eiusque
806 2857 1016 2920 lectionibus
1040 2857 1248 2920 innotescat.
1296 2855 1429 2936 Restat,
1455 2864 1493 2917 ut

119 2958 180 3022 iam
211 2964 364 3044 reliquas
395 2965 565 3029 lectiones
597 2963 757 3028 codicum
788 2962 819 3026 H
847 2967 883 3026 et
906 2963 937 3025 V
962 2963 1233 3043 consideremus
1259 2962 1376 3044 quoad
1401 2963 1493 3025 inter

119 3082 150 3128 se
179 3067 349 3151 differunt,
381 3076 417 3133 et
445 3071 639 3150 videamus,
668 3087 751 3132 num
781 3069 957 3133 dissensus
982 3087 1101 3132 eorum
1128 3070 1209 3132 talis
1233 3070 1286 3150 sit,
1312 3069 1427 3150 qualis
1455 3069 1491 3130 in

121 3170 243 3238 duobus
261 3177 442 3241 codicibus
459 3196 504 3240 ex
527 3195 594 3238 uno
617 3176 810 3257 eodemque
831 3179 928 3239 t'onte
950 3176 1120 3239 derivatis
1136 3176 1305 3238 exsistere
1323 3179 1490 3256 nequeat,

120 3276 241 3358 Quodsi
275 3284 426 3347 facimus
459 3289 494 3347 et
527 3284 680 3346 leviores
715 3282 972 3364 discrepantias
1007 3282 1184 3346 scribendi
1219 3282 1357 3344 ratione
1396 3285 1492 3344 ortas

121 3387 323 3469 neglegimus
341 3408 455 3471 neque
468 3408 604 3471 paucas
617 3390 696 3452 illas
710 3391 930 3470 corruptelas
943 3390 979 3451 in
993 3390 1105 3452 altero
1119 3394 1196 3452 utro
1214 3388 1337 3452 cedice
1356 3388 1492 3451 librarii

121 3492 215 3574 culpa
238 3501 415 3561 exstantes
440 3515 615 3577 curamus,
646 3497 836 3559 nonnullae
865 3497 1035 3560 lectiones
1066 3501 1211 3576 restant,
1244 3513 1395 3577 quarum
1428 3495 1493 3558 dis-

121 3613 231 3664 sensus
259 3603 310 3667 ita
342 3603 576 3684 explicandus
610 3607 672 3684 est,
706 3608 744 3666 ut
779 3603 869 3665 alter
904 3602 1018 3667 codex
1054 3602 1266 3683 scripturam
1303 3601 1493 3683 archetypi

122 3703 213 3769 aliter
235 3709 446 3774 intellexerit
470 3714 578 3791 atque
603 3710 703 3772 alter.
751 3708 856 3772 Tales
880 3709 1050 3773 lectiones
1076 3717 1172 3771 sunt:

279 3887 362 3968 Cap.
411 3888 492 3951 1112
541 3893 569 3950 Η
584 3893 728 3950 elsteram
972 3892 1000 3948 V
1016 3891 1159 3949 bosionem

585 4000 745 4057 tuiscoacm
1011 3998 1170 4056 tunsionem

452 4107 492 4164 13
583 4125 731 4164 munaum
1014 4105 1166 4164 launum

395 4207 495 4270 11114
586 4213 721 4270 lacunam
744 4212 863 4285 indicat,

585 4318 695 4378 Graeca
718 4338 776 4377 non
799 4337 905 4376 cirrans

290 4421 445 4486 XXXIV
475 4429 490 4484 l
584 4427 734 4483 deflabant
1011 4425 1172 4482 dotabant·

273 4528 445 4592 XXXVII
474 4535 492 4592 8
584 4551 683 4590 consu.
1012 4551 1106 4589 conss,

382 4634 446 4697 XL
477 4643 494 4698 5
586 4639 740 4696 catthenos
1013 4639 1175 4695 northona

327 4740 489 4803 XLIII31
585 4745 705 4821 lemoaij
1012 4745 1128 4820 lcmour'j

1010 4254 1203 4330 ’Λσκιπύργιον

198 4913 235 4976 In
257 4917 310 4982 his
335 4918 497 4982 omnibus
520 4917 718 4998 scripturae
743 4917 878 4999 ductus,
903 4935 992 4998 quas
1020 4916 1221 4980 exhibuerit
1245 4917 1491 4999 archetypum,

124 5022 305 5100 perspicere
331 5025 448 5089 adhuc
471 5041 668 5107 possumus.
715 5023 898 5089 Difficilior
921 5042 979 5088 res
1003 5025 1116 5087 estin
1140 5024 1387 5105 sequentibus:

1338 5150 1387 5200 10*
