3688 5908
698 510 942 571 -121-

117 703 266 784 scripsit
298 703 328 766 is
361 712 504 784 praeter
538 701 609 764 alia
642 701 819 764 historiam
852 721 966 764 reram
1000 701 1168 764 Friderici
1192 700 1254 762 III
1280 700 1516 782 imperatoris,

118 810 218 874 unde
242 811 306 873 illa
330 816 502 890 excerpta
525 826 602 872 esse
627 807 739 888 primo
764 810 886 870 obtutu
912 813 1066 889 putares.
1096 807 1163 872 Sed
1188 811 1273 870 nota
1296 807 1514 886 marginalis,

118 936 140 979 e
160 935 233 998 qua
249 918 341 981 haec
357 917 501 979 Aeneae
526 916 663 979 auctori
687 915 881 996 tribuimus,
907 917 1083 997 expressis
1106 915 1226 980 verbis
1251 915 1352 979 dicit:
1378 916 1516 979 addidit

118 1045 262 1106 sequeus·
287 1023 402 1086 Encas
427 1021 593 1102 Senensis,
623 1039 694 1102 qua
724 1026 810 1084 nota
842 1021 909 1086 boc
937 1022 1217 1086 additamentum
1242 1041 1312 1085 non
1336 1042 1355 1086 e
1380 1023 1514 1087 maiore

120 1129 277 1210 quodam
292 1146 399 1210 opere
413 1135 621 1209 excerptum
634 1127 744 1191 sedin
758 1128 907 1191 eandem
920 1129 1080 1210 formam,
1098 1147 1205 1211 quarn
1221 1148 1316 1194 nuuc
1333 1129 1517 1210 habemus,

120 1237 309 1300 redactum
335 1234 563 1315 additumque
588 1252 665 1297 esse
691 1235 836 1315 abipso
862 1234 985 1298 Aenea
1015 1253 1154 1299 sumere
1186 1254 1366 1318 cogamur,
1398 1237 1515 1318 idque,

123 1351 163 1405 ut
185 1361 240 1406 res
258 1343 337 1422 fert,
356 1343 390 1404 in
413 1342 607 1421 archetypo
630 1340 762 1404 codicis
784 1341 902 1404 nostri.
929 1341 1120 1422 Quaeritur
1141 1361 1245 1424 nunc,
1267 1362 1314 1407 an
1334 1345 1368 1407 in
1390 1344 1516 1408 eodem

122 1449 333 1531 archetypo,
358 1467 377 1512 e
402 1466 470 1530 quo
495 1447 660 1510 librarius
685 1453 803 1511 noster
819 1448 1051 1528 Augustalem
1072 1449 1291 1514 Benevenuti
1316 1451 1514 1532 exscripsit,

121 1558 269 1620 infuerit
294 1556 402 1620 etiam
426 1554 619 1620 Germania
643 1558 774 1618 nostra.
821 1553 957 1618 Scimus
980 1555 1061 1636 iam,
1086 1558 1242 1620 Aeneam
1268 1558 1360 1621 inter
1383 1558 1516 1638 primos

122 1665 241 1744 fuisse,
260 1665 318 1744 qui
337 1662 564 1726 Germaniam
582 1661 696 1725 denuo
715 1667 892 1742 repertam
910 1663 1143 1742 cognoverint
1160 1664 1217 1746 (cf.
1235 1664 1350 1745 Voigt,
1373 1666 1516 1743 Wiodor-

123 1772 282 1855 bolebuaq
300 1771 357 1833 dea
374 1768 575 1832 classischea
592 1768 779 1831 Alleriams
795 1768 821 1848 l,
839 1786 871 1849 p.
887 1773 949 1835 257
967 1773 1062 1851 not),
1081 1770 1212 1851 quippe
1228 1771 1288 1851 qui
1304 1772 1340 1834 iu
1357 1777 1512 1836 tractatu

124 1879 278 1961 quodam
304 1878 349 1941 ad
373 1873 562 1940 Martinum
587 1876 770 1956 Meyerum
794 1874 926 1939 Rornae
951 1876 1030 1942 Kal.
1056 1876 1158 1940 Febr.
1186 1883 1270 1944 1458
1300 1878 1397 1958 dato,
1421 1885 1513 1960 post-

124 2004 232 2068 quam
256 1986 427 2048 nonnulla
451 1984 614 2047 disseruit
639 1983 681 2047 de
706 1988 867 2047 veterum
892 1982 1150 2048 Germanorum
1177 1985 1342 2066 moribus,
1371 1993 1514 2067 pergat:

123 2093 328 2157 dissimilia
353 2092 393 2155 do
418 2090 599 2155 Germanis
626 2091 743 2154 scribit
770 2087 944 2154 Cornelius
974 2091 1121 2172 Tooiias,
1150 2113 1246 2174 quom
1276 2093 1313 2155 ia
1339 2093 1513 2157 Hadriani

124 2208 278 2282 temporo
299 2199 484 2262 incurrisse
494 2198 681 2281 perhibeat.
707 2215 799 2278 quae
820 2199 933 2261 verba
953 2198 1111 2278 sequitur
1135 2199 1315 2263 rhetorica
1338 2201 1514 2281 quaedam

124 2306 355 2389 paraphrasis
374 2305 530 2386 priorum
551 2304 764 2369 Germaniae
785 2304 951 2385 capitum.
977 2304 1052 2385 Ego
1069 2305 1137 2370 hoc
1157 2310 1315 2370 tractatu
1337 2325 1418 2370 usus
1438 2325 1513 2370 sum

124 2414 220 2495 apud
243 2412 467 2477 Dominicum
493 2412 621 2474 Basam
645 2409 777 2474 Romae
803 2429 895 2474 anno
923 2418 1007 2478 1584
1037 2412 1131 2476 edito
1160 2431 1232 2476 una
1264 2431 1345 2477 cum
1369 2413 1513 2477 Aeneae

124 2519 190 2603 (Pii
220 2519 267 2600 II)
303 2518 582 2583 commentariis:
619 2517 667 2581 ibi
701 2517 800 2581 locus
835 2517 938 2581 modo
974 2520 1133 2600 prolatus
1168 2519 1349 2583 invenitur
1379 2538 1413 2601 p.
1439 2526 1513 2587 690.

123 2627 247 2708 Neque
271 2631 401 2709 tamen,
428 2633 465 2688 ut
488 2625 658 2706 Voigtius,
684 2624 906 2706 crediderim,
939 2644 958 2689 e
987 2628 1157 2689 memoria
1188 2631 1326 2690 tanturn
1355 2627 1514 2691 Aeneam

123 2734 312 2817 protulisse
337 2749 429 2813 quae
446 2731 489 2796 de
507 2731 699 2798 Germania
717 2731 811 2812 dicit,
831 2731 894 2795 sed
910 2732 1024 2795 studio
1044 2751 1107 2796 suo
1127 2733 1303 2798 rhetorico
1321 2735 1513 2798 adductum
1627 2815 1631 2824 .

125 2859 212 2922 esse,
237 2847 275 2904 ut
299 2840 459 2904 consulto
486 2847 640 2902 mutaret
657 2838 805 2903 Tacitea
819 2840 946 2920 verba,
971 2845 1052 2902 sunt
1068 2839 1162 2903 enim
1181 2840 1260 2921 loci,
1278 2841 1338 2921 qui
1355 2841 1515 2904 Aeneam

125 2967 232 3012 manu
254 2946 414 3027 diligenti
435 2936 619 3027 exemplar
640 2945 817 3026 quoddam
831 2944 1015 3009 Taciteum
1032 2947 1233 3011 versavisse
1256 2947 1512 3013 demonstrent:

159 3129 192 3191 p.
218 3114 312 3175 69οΒ
357 3131 462 3170 rorum
485 3111 564 3186 opud
586 3130 634 3169 eos
657 3116 820 3185 arpentum,
844 3111 945 3167 rarius
967 3129 1078 3168 aarum
1431 3109 1461 3171 V
1495 3117 1514 3174 8

294 3235 314 3280 C
360 3220 443 3278 nullo
467 3221 631 3278 litterarum
653 3219 778 3293 copnilio
1376 3216 1460 3279 XIX
1495 3225 1514 3280 3

359 3327 501 3385 Atintanis
524 3345 607 3402 strepa
629 3327 734 3383 hostiis
757 3327 872 3384 litatum
1412 3323 1464 3387 IX
1495 3329 1513 3386 2

291 3451 314 3494 Ι)
355 3440 424 3510 posi
453 3453 549 3492 orarios
578 3434 724 3505 (laconica,
749 3439 909 3510 postquam
933 3434 1076 3492 ....do-

498 3541 596 3599 bollori
618 3546 714 3615 coopto
737 3545 778 3598 esi
1294 3537 1513 3601 XXXVIIIO

163 3663 196 3726 p.
222 3651 313 3712 6973
359 3667 447 3706 uanos
477 3649 546 3706 orori
580 3654 665 3724 alque
699 3649 824 3722 arpenti,
857 3667 931 3724 quos
961 3649 1079 3723 ignoro-

497 3761 599 3813 oorrmi
624 3756 719 3830 prisci
1200 3782 1233 3806 =
1436 3751 1513 3816 V10

214 3947 315 4028 Quae
344 3947 462 4010 omnia
490 3948 634 4010 Aeneae
663 3946 815 4010 studium
848 3947 952 4010 altius
985 3947 1019 4010 in
1050 3946 1277 4012 Germaniam
1307 3953 1513 4029 penetrasse

127 4054 377 4133 demonstrant,
400 4059 444 4133 et,
467 4061 505 4116 ut
524 4059 609 4117 tunc
628 4054 796 4134 temporis
815 4054 921 4117 moris
942 4055 1017 4136 fuit,
1039 4072 1118 4118 eum
1140 4055 1384 4136 apographum
1402 4056 1513 4120 libelli

126 4161 233 4224 nostri
266 4161 331 4224 sibi
365 4160 491 4225 fecisse
524 4162 598 4224 iere
632 4166 768 4225 certum
801 4167 864 4241 est,
895 4179 974 4225 cum
1004 4171 1139 4224 textum
1168 4162 1242 4226 eius
1266 4164 1410 4228 Aeneae
1440 4168 1513 4227 tam

125 4267 334 4331 familiarem
360 4286 436 4332 esse
460 4268 662 4332 videamus:
693 4286 761 4348 quo
789 4268 825 4330 iu
854 4269 1061 4350 apographo
1091 4287 1170 4332 eum
1199 4270 1412 4334 coniecturis
1442 4289 1512 4344 non

125 4375 325 4456 pepercisse
349 4375 426 4438 veri
450 4375 563 4439 simile
587 4381 650 4438 est.
686 4376 821 4438 iamin
846 4381 1001 4440 tractatu
1026 4395 1088 4439 suo
1113 4377 1267 4458 loquitur
1290 4396 1324 4459 p.
1350 4384 1443 4445 6900
1470 4379 1512 4442 de

125 4482 258 4545 oioendi
290 4482 360 4544 ritu
393 4480 665 4563 Germanorum,
695 4489 730 4546 et
758 4483 833 4564 ipse
862 4501 1002 4564 quoque
1035 4487 1208 4548 tractatus
1236 4485 1272 4547 in
1302 4485 1511 4566 quibusdam

37 4607 41 4613 ’
126 4588 334 4652 editionibus
358 4589 497 4652 titulum
527 4590 667 4671 accepit
691 4591 731 4654 do
754 4591 825 4653 ritu
848 4591 915 4654 aito
938 4591 1087 4654 moribus
1112 4598 1142 4654 ei
1166 4592 1355 4655 conditione
1373 4591 1512 4655 Germa-

125 4715 261 4776 uoram;
286 4701 475 4777 praeterea
498 4715 531 4778 p.
558 4702 651 4763 talc
676 4703 928 4761 commemorat
951 4697 1178 4761 Pratoaoram
1209 4699 1388 4779 populum.
1436 4699 1511 4762 lam

124 4801 233 4867 habes
250 4803 410 4868 codicem
426 4803 458 4886 S,
484 4805 583 4868 ouius
608 4805 786 4886 particula
809 4805 986 4886 quaedam
1010 4805 1220 4886 deprompta
1243 4812 1296 4869 est
1320 4824 1366 4869 ex
1390 4805 1511 4870 arche-

124 4915 207 4990 typo
232 4910 326 4991 quod
343 4911 486 4974 Aeneae
510 4912 575 4974 sub
599 4911 761 4975 manibus
785 4912 869 4975 fuit:
895 4912 1052 4993 sequitur
1076 4912 1169 4976 hanc
1193 4913 1405 4993 particulam
1428 4912 1512 4978 Ger-

124 5017 253 5099 mania,
279 5018 335 5081 cui
359 5018 418 5081 ille
443 5018 586 5100 studuit,
611 5018 796 5083 subtitulo:
820 5019 860 5083 de
884 5021 954 5083 ritu
978 5026 1008 5083 et
1029 5020 1177 5083 moribus
1199 5019 1447 5085 Germanorum
1469 5061 1510 5069 -—

1350 5149 1385 5197 16
