3688 5908
883 507 1126 567 —122-

311 716 390 762 oum
415 698 449 761 in
474 698 573 760 nulla
598 698 669 761 alia
690 697 918 778 inscriptione
939 697 1142 760 inveniatur
1163 697 1250 760 ritus
1271 695 1338 760 nisi
1354 697 1390 759 in
1407 700 1563 762 tractatu
1581 696 1640 758 illo
1658 736 1704 744 -

222 799 224 806 ’
311 805 466 886 itemque
491 804 604 868 codex
628 803 650 868 S
675 805 769 867 solus
791 805 953 868 Peucinos
978 822 1055 885 oap.
1073 804 1187 868 XLVI
1210 810 1503 868 commemoratos
1527 808 1641 868 mutat
1665 805 1702 866 in

311 912 483 991 Protinus,
509 911 567 993 qui
585 912 684 974 nobis
705 912 831 974 iterum
852 910 947 992 apud
966 911 1077 975 solum
1095 911 1254 975 Aeneam
1276 917 1476 976 occurrunt.
1502 911 1603 992 Quae
1620 929 1702 974 oum

294 1018 361 1100 sita
394 1018 473 1096 sint,
506 1018 626 1081 iacere
659 1035 730 1080 non
764 1018 872 1099 potui,
901 1018 984 1099 quin
1014 1018 1173 1082 codicem
1201 1023 1358 1082 nostrum
1383 1018 1599 1099 exscriptum
1625 1036 1703 1082 esse

312 1131 432 1206 putem
466 1143 510 1187 ex
543 1123 751 1205 apographo
784 1125 928 1188 Aeneae
961 1123 1083 1205 Sylvii,
1121 1125 1220 1190 cuius
1255 1125 1466 1188 emendandi
1497 1125 1612 1188 studio
1644 1124 1702 1187 tri-

264 1221 268 1228 ’
310 1231 416 1294 buam
450 1232 554 1294 ritum
585 1231 683 1293 illum
715 1222 758 1294 et'
781 1232 951 1295 Protlaos.
1000 1232 1075 1294 Iam
1108 1232 1307 1313 explicatur
1335 1250 1447 1312 genus
1478 1231 1564 1294 illud
1597 1232 1702 1294 inter-

314 1338 542 1418 polationum,
567 1338 626 1401 nbi
643 1339 757 1402 virum
780 1338 920 1402 doctum
942 1339 1054 1419 magis
1076 1340 1245 1403 memoria
1269 1357 1375 1421 quam
1401 1339 1510 1404 oculis
1532 1340 1703 1402 confisum

312 1461 388 1506 esse
413 1452 563 1525 apparet
588 1445 732 1526 (XLIIO
752 1447 902 1530 ipnotam
925 1447 1015 1526 olim,
1036 1446 1163 1513 XLIIb
1184 1447 1424 1510 urtioersalitar
1441 1447 1521 1532 fiais
1542 1446 1643 1526 alia);
1666 1450 1703 1509 et

311 1551 339 1613 si
364 1551 654 1631 interpolationes
679 1552 848 1616 codicisS
873 1553 1075 1617 accuratius
1099 1553 1305 1634 inspexeris
1330 1553 1471 1633 saepius
1488 1571 1547 1618 eos
1569 1552 1702 1616 homini

312 1657 415 1722 docto
445 1657 566 1720 deberi
597 1659 736 1722 senties.
789 1658 822 1722 Si
853 1677 938 1722 vero
968 1659 990 1722 S
1019 1677 1063 1722 ex
1093 1659 1300 1740 apographo
1330 1661 1472 1723 Aeneae
1507 1660 1700 1739 descendit,
1734 1699 1739 1712 ,

313 1763 546 1845 archetypum
579 1764 666 1827 illud
700 1765 797 1827 initio
832 1766 913 1828 anni
946 1771 1029 1831 1458
1059 1771 1137 1828 erat
1170 1771 1355 1829 exaratum
1381 1771 1442 1829 aut
1466 1767 1701 1845 exarabatur3

312 1888 463 1952 cumque
488 1869 680 1935 Germania
708 1872 805 1935 circa
838 1889 969 1934 annum
1000 1878 1082 1938 1451
1113 1873 1147 1935 in
1177 1873 1317 1936 Italiam
1348 1873 1562 1953 pervenerit,
1594 1873 1704 1952 longa

311 1979 420 2042 series
453 1978 614 2042 codicum
648 1979 739 2041 inter
768 1979 977 2060 apographa
1005 1977 1273 2043 Henoohianum
1303 1986 1338 2042 et
1362 1979 1568 2043 Aeneanum
1597 1979 1703 2042 inter-

312 2085 438 2149 cedere
473 2085 567 2147 haud
600 2086 723 2166 potuit,
758 2091 793 2148 et
829 2085 1016 2148 videndum
1050 2087 1121 2149 iam
1155 2091 1217 2166 est,
1248 2086 1292 2148 ad
1322 2104 1510 2167 quemnam
1539 2085 1703 2149 codicum

312 2192 496 2255 meliorum
536 2192 695 2272 proxime
736 2193 909 2256 accedere
950 2193 1113 2256 videatur
1153 2192 1190 2274 S,
1233 2193 1261 2255 si
1301 2193 1591 2273 interpolationes
1628 2193 1703 2255 eius

310 2298 520 2377 neglexeris,
569 2298 671 2379 Quod
695 2298 722 2361 si
747 2287 817 2360 iam
842 2299 1011 2363 lectiones
1035 2317 1067 2380 p.
1089 2304 1149 2365 116
1172 2305 1207 2362 et
1231 2301 1290 2364 117
1317 2303 1478 2362 enotatas
1503 2298 1703 2362 considera
1741 2307 1748 2314 '

312 2405 417 2484 veria,
440 2423 458 2468 e
477 2407 653 2468 nonnullis
673 2406 892 2487 corruptelle,
911 2423 1002 2486 quae
1027 2407 1060 2468 in
1087 2407 1170 2469 solis
1191 2406 1370 2470 codicibus
1386 2397 1443 2470 DS
1464 2405 1702 2484 inveniantur,

313 2511 479 2575 artiorem
503 2530 633 2576 1161111111
657 2513 748 2575 inter
773 2512 835 2575 hos
860 2513 1000 2576 codices
1024 2517 1158 2576 statues
1181 2513 1233 2576 ita
1256 2513 1340 2592 iere,
1366 2518 1414 2592 ut,
1439 2530 1519 2576 cum
1544 2511 1702 2575 codicem

315 2617 346 2680 D
367 2619 600 2700 archetypum
621 2638 720 2682 suum
744 2619 1008 2699 diligentissime
1030 2620 1259 2701 exscripsisse
1276 2620 1438 2697 sciamus
1457 2617 1703 2699 apographum

315 2724 459 2788 Aeneae
484 2744 546 2806 pro
571 2726 681 2789 fratre
706 2726 837 2789 codicis
858 2725 888 2787 D
913 2726 1117 2806 habeamus,
1142 2727 1198 2790 oui
1224 2730 1347 2807 postea
1375 2723 1519 2808 inlatae
1537 2725 1606 2787 sint
1629 2741 1705 2787 cor-

316 2837 480 2895 recturae
504 2832 697 2895 secundum
722 2831 782 2895 AB
807 2833 946 2912 generis
976 2833 1233 2897 auctoritatem.
1259 2873 1300 2881 -—
1325 2832 1382 2896 Sic
1411 2832 1517 2895 etiam
1542 2835 1704 2912 apparet,

318 2938 490 3019 quomodo
515 2938 646 3002 factum
674 2938 727 3018 sit,
754 2946 790 3000 ut
811 2938 963 3002 codexS
985 2938 1020 3001 in
1042 2937 1363 3019 Salzburgiensium
1379 2940 1466 3001 fines
1483 2936 1703 3019 pervenerit:

315 3045 444 3108 scimus
469 3045 571 3124 enim,
597 3045 756 3108 Aeneam
785 3049 942 3108 nostrum
971 3045 1162 3126 aliquando
1192 3049 1227 3108 et
1255 3044 1424 3126 Aspachii
1452 3043 1559 3106 fnisse
1587 3060 1705 3106 sacer·

238 3219 240 3224 ¹
315 3151 431 3215 dotem
456 3151 513 3232 (ci.
544 3150 584 3216 G.
608 3151 722 3232 Voigt,
747 3152 846 3215 Enea
870 3151 978 3216 Silvio
1003 3151 1240 3232 Piccolomini,
1265 3151 1378 3215 Berol.
1407 3155 1501 3230 1856,
1525 3149 1542 3212 I
1566 3167 1599 3230 p.
1625 3153 1703 3230 293)

311 3263 346 3320 et
382 3276 445 3338 per
479 3258 647 3338 epistulas
680 3259 720 3322 de
745 3259 957 3341 patrimonio
986 3259 1022 3320 in
1048 3259 1181 3341 Aspach
1213 3258 1314 3321 datas
1344 3255 1625 3336 conglutinatum
1650 3259 1704 3317 est

314 3364 480 3427 volumen
505 3371 681 3428 nostrum:
706 3366 856 3428 fortasse
880 3364 1021 3428 Aeneas
1050 3363 1248 3445 apographi
1276 3363 1328 3426 sui
1358 3360 1580 3426 describendi
1610 3359 1702 3424 Salu-

315 3471 560 3550 burgiensibus
578 3471 676 3534 dedit
692 3472 909 3550 facultatem,
927 3471 1140 3552 quibuscum.
1154 3489 1198 3534 ex
1216 3468 1449 3551 Aspachiensi
1466 3468 1525 3531 illo
1544 3473 1703 3549 tempore

316 3577 412 3659 (anui
436 3583 519 3643 1444
544 3578 778 3659 sequentium)
803 3596 903 3640 usum
926 3577 1060 3641 habuit.
1689 3573 1692 3581 “
