3682 5912
665 533 884 594 ..47-

85 727 254 791 confectis
271 726 420 807 (Wiener
437 725 580 789 Studien
602 731 682 788 tom.
707 725 758 787 XI
780 743 813 805 p.
832 729 1020 804 aaa-290)
1044 724 1130 785 nihil
1155 723 1237 785 novi
1263 723 1468 803 attulerunt,

85 835 146 898 nisi
163 833 258 914 quod
273 833 316 896 de
333 838 452 896 aetate
469 833 612 912 codicia,
621 851 720 914 ,quae
738 832 857 896 docuit
873 818 1082 910 subscriptio
1100 831 1467 920 eius,3coniirmantur.

86 942 250 1004 Hnemeri
266 958 352 1004 vero
375 939 517 1004 collatio
540 938 727 1019 diligenter
745 939 823 1002 aliis
847 939 933 1002 locis
955 945 1127 1016 correcta,
1150 937 1228 1000 aliis
1250 917 1468 1018 amplificata

87 1054 135 1111 est
167 1047 415 1136 dissertatione
444 1045 657 1110 Schefczikii
686 1046 726 1110 de
754 1043 901 1110 Cornelii
930 1045 1039 1107 Taciti
1064 1043 1269 1107 Germaniae
1294 1051 1470 1127 apparata
1548 1111 1551 1122 ,

88 1156 198 1219 critico
225 1153 416 1236 (Troppau,
442 1170 559 1234 progr.
581 1157 687 1234 1886).
723 1152 816 1233 Mihi,
843 1170 923 1216 cum
948 1171 971 1214 a
994 1152 1128 1229 Beeri0,
1154 1152 1231 1214 viro
1257 1151 1469 1231 doctissimo,

89 1263 142 1344 qui
157 1261 390 1325 Vindobonae
411 1259 671 1324 bibliothecarii
693 1277 839 1322 munere
859 1260 1025 1339 fungitur,
1049 1259 1236 1340 petiissem,
1257 1264 1293 1322 ut
1310 1259 1471 1323 codicem

92 1369 392 1432 Vindobonensem
421 1368 456 1430 in
482 1386 580 1430 usum
605 1386 722 1430 meum
752 1386 831 1431 cum
857 1367 1045 1430 collatione
1075 1367 1205 1430 codicis
1229 1365 1469 1430 Hummeliani

91 1477 270 1556 conferret,
295 1493 504 1556 responsum
525 1480 587 1554 est,
610 1475 769 1556 inspecto
792 1475 914 1539 codiee
930 1474 1132 1538 confirmari
1148 1473 1315 1537 Hnemeri
1334 1491 1469 1553 vocem,

91 1585 144 1664 qui
176 1583 332 1664 dixisset,
366 1587 446 1664 post
478 1582 694 1658 Scheiezikii
724 1582 949 1646 collationem
983 1599 1070 1662 opus
1104 1599 1172 1643 non
1210 1598 1286 1644 esse
1325 1581 1470 1644 futuris:

92 1709 193 1771 quare
212 1733 253 1739 —
271 1691 360 1754 actis
378 1689 501 1753 Beerio
523 1690 646 1769 gratiis
671 1689 855 1753 debitis-
873 1680 907 1751 in
926 1688 1092 1752 Hnemeri
1109 1697 1144 1751 et
1160 1687 1372 1752 Scheienikii
1397 1689 1470 1752 col-

93 1798 274 1862 lationibus
305 1796 480 1878 acquievi.
527 1795 580 1859 De
613 1801 688 1859 tota
721 1796 852 1860 codicis
884 1801 1013 1859 natura
1038 1795 1207 1858 nonnulla
1232 1795 1469 1872 accuratiora,

92 1905 253 1986 imprimis
289 1903 515 1968 collationem
551 1903 690 1983 Dialogi
728 1903 921 1966 auctiorem
956 1943 998 1950 -
1030 1903 1186 1966 continet
1222 1902 1314 1964 enim
1340 1901 1370 1963 V
1400 1902 1469 1965 tria

93 2012 275 2092 volumina,
316 2029 408 2091 quae
448 2011 625 2091 completa
664 2015 745 2072 sunt
784 2009 908 2072 Blondi
944 2009 1059 2072 Flavii
1098 2009 1273 2091 operibus,
1313 2009 1470 2073 Suetonii

95 2118 251 2199 reliquiis,
293 2117 408 2181 Taciti
448 2116 640 2181 Germania
675 2123 710 2180 et
746 2116 905 2196 Dialogo,
946 2117 1104 2198 epistulis
1143 2156 1186 2164 —
1225 2118 1258 2178 in
1300 2115 1469 2181 Scheueri

96 2223 332 2288 dissertatione
361 2225 401 2288 de
435 2225 562 2288 Tacitei
595 2226 634 2288 de
668 2225 860 2288 oratoribus
892 2224 1022 2308 dialopi
1055 2225 1207 2286 codicum
1239 2246 1328 2287 nean
1353 2230 1383 2287 et
1404 2224 1471 2309 fide

97 2331 284 2406 (Brealaaer
302 2331 544 2415 philolopieche
569 2331 838 2416 Abhandlanpen
861 2329 951 2412 VII)
976 2331 1144 2393 invenies
1170 2332 1253 2412 Ipsa
1277 2330 1471 2394 Germania

96 2440 284 2502 continetur
316 2440 495 2502 volumine
529 2440 651 2521 primo,
691 2439 783 2520 quod
822 2438 1035 2502 Hnemerum
1074 2439 1184 2501 secuti
1219 2438 1269 2501 ita
1302 2439 1376 2501 iere
1412 2438 1469 2501 de-

96 2546 240 2610 scribere
269 2565 463 2628 possumus

172 2742 424 2825 v(11,t0m.1)
449 2748 502 2806 est
525 2741 806 2806 Vindobonensis
831 2743 996 2805 tabularii
1021 2741 1152 2823 publici
1178 2741 1291 2805 codex
1315 2740 1470 2821 DOCXI,

450 2849 670 2928 chartaceus
701 2850 853 2930 scriptus
880 2849 1012 2912 Romae
1042 2867 1133 2911 anno
1163 2856 1261 2930 1466,
1288 2859 1325 2912 ut
1349 2868 1368 2912 e
1392 2849 1470 2912 snb-

450 2957 641 3037 seriptione
667 2957 855 3020 voluminis
880 2957 1025 3020 alterius
1049 2963 1218 3038 apparet:

450 3099 562 3179 »hugo
587 3099 745 3163 haemste
777 3100 916 3181 scripsit
939 3100 1048 3163 Rome
1072 3101 1174 3164 Anno
1194 3107 1277 3168 1466
1303 3101 1471 3182 impensis

449 3208 504 3269 R¹¹¹¹
529 3206 564 3268 in
588 3199 660 3287 xpo
683 3199 745 3287 prs
757 3209 791 3270 d
814 3206 881 3270 dni:
900 3206 954 3269 dni
974 3207 1021 3270 Ie.
1045 3207 1099 3270 dei
1118 3211 1144 3272 11
1161 3210 1354 3289 apostolice
1376 3209 1469 3272 sedis

451 3315 568 3394 gratia
592 3315 762 3395 epyscopi
790 3313 999 3378 Tridentini:
1025 3331 1073 3380 a«
1438 3317 1441 3323 '

449 3455 549 3518 Folia
571 3457 727 3519 continet
749 3462 822 3537 239,
845 3474 993 3538 quorum
1014 3457 1099 3520 folia
1120 3456 1200 3519 inde
1222 3476 1244 3519 a
1262 3462 1342 3522 200r
1360 3475 1471 3538 usque

450 3562 496 3625 ad
525 3569 608 3629 tw
636 3563 804 3626 exhibent
834 3563 943 3627 Taciti
968 3566 1007 3627 de
1032 3565 1160 3648 oripine
1185 3571 1215 3627 11
1238 3565 1306 3627 ,rita
1332 3563 1471 3627 Germa-

449 3692 570 3734 norum
594 3672 731 3735 librum.

179 3863 280 3930 Cuius
305 3866 437 3930 codicis
462 3867 723 3931 similitudinem
749 3869 982 3948 manifestam,
1012 3888 1091 3932 cum
1117 3869 1239 3932 codice
1264 3870 1296 3932 H
1325 3871 1352 3931 si
1378 3888 1469 3933 com-

103 3973 290 4055 parabatur,
306 3975 419 4055 primo
441 3976 563 4037 obtutu
586 3976 914 4040 animadverterunt
931 3977 1142 4058 quicumque
1160 3977 1202 4038 de
1220 3976 1273 4039 his
1290 3977 1472 4040 codicibus

103 4088 234 4154 egerunt
258 4082 325 4144 viri
355 4080 459 4162 docti,
488 4080 703 4145 Hnemerum
732 4082 989 4147 Sehefczikium
1019 4083 1234 4147 Scheuerum
1265 4083 1352 4147 dico.
1402 4083 1471 4163 Qui

104 4197 216 4265 ornnes,
234 4206 314 4252 cum
332 4188 473 4252 codices
490 4197 627 4251 nostros
649 4191 682 4255 in
698 4191 850 4277 παρέργῳ
866 4194 1072 4268 tractarent,
1095 4195 1232 4253 tantum
1253 4191 1287 4252 id
1310 4197 1468 4270 egerunt,

105 4293 135 4350 ut
159 4296 339 4377 exscriptis
369 4296 545 4359 nonnullis
574 4297 793 4376 lectionibus,
824 4297 949 4378 quibus
972 4296 1004 4359 H
1029 4306 1063 4359 et
1084 4296 1114 4357 V
1139 4297 1230 4360 inter
1259 4316 1296 4360 se
1326 4315 1470 4361 consen-

105 4395 212 4466 tientes
242 4404 446 4484 discrepant
475 4423 497 4465 a
525 4404 676 4467 lectione
707 4405 865 4484 vulgata,
895 4423 954 4467 eos
984 4406 1075 4466 inter
1103 4423 1140 4466 se
1169 4405 1363 4466 simillimos
1393 4424 1469 4468 esse

105 4500 384 4590 demonstrarent3
402 4512 512 4590 nobis,
535 4511 661 4591 quibus
682 4511 752 4575 hac
773 4512 808 4573 in
825 4529 863 4574 re
880 4530 1016 4575 summa
1033 4512 1134 4576 huius
1152 4513 1279 4592 capitis
1296 4518 1471 4592 versatur,

107 4624 209 4679 ornnes
239 4617 410 4681 lectiones
441 4617 604 4682 codicum
632 4617 664 4681 H
693 4623 728 4681 et
751 4618 791 4698 V,
822 4624 906 4698 quot
935 4618 1075 4699 quidem
1104 4624 1209 4681 notae
1239 4625 1333 4698 sunt,
1365 4625 1469 4682 erunt

106 4724 361 4802 comparandae.
420 4724 522 4805 Quod
565 4731 601 4788 ut
640 4726 780 4789 facilins
820 4726 894 4789 11111
934 4727 1058 4807 possit,
1098 4745 1261 4788 numeros
1307 4726 1469 4790 editionis

106 4817 417 4894 Muellenhoffianae
441 4836 582 4895 secutus
604 4833 754 4913 primum
776 4833 945 4896 lectiones
968 4832 1099 4897 codicis
1115 4832 1363 4911 Hummeliani,
1382 4851 1470 4914 quas

106 4925 134 4990 in
157 4938 262 5014 primo
292 4939 410 5020 capite
435 4957 454 5001 e
479 4940 726 5003 collationibus
750 4939 939 5002 Hummelii
963 4939 1122 5019 Longolii
1148 4939 1306 5019 Sellingii
1331 4940 1470 5020 collegi,

107 5045 267 5126 exscripsi,
301 5045 428 5109 deinde
461 5047 630 5110 lectiones
661 5047 793 5111 codicis
819 5046 1107 5124 Vindobonensis
1139 5064 1227 5127 quas
1256 5046 1411 5109 Huemer
1435 5051 1471 5109 et
