<?xml version="1.0" encoding="UTF-8"?>
<!DOCTYPE html PUBLIC "-//W3C//DTD XHTML 1.0 Transitional//EN"
    "http://www.w3.org/TR/xhtml1/DTD/xhtml1-transitional.dtd">
<html xmlns="http://www.w3.org/1999/xhtml" xml:lang="en" lang="en">
 <head>
  <title>
</title>
<meta http-equiv="Content-Type" content="text/html;charset=utf-8" />
  <meta name='ocr-system' content='tesseract 3.04.00' />
  <meta name='ocr-capabilities' content='ocr_page ocr_carea ocr_par ocr_line ocrx_word'/>
</head>
<body>
  <div class='ocr_page' id='page_1' title='image "./detacitigermani00wuengoog_0133.png"; bbox 0 0 3688 5908; ppageno 0'>
   <div class='ocr_carea' id='block_1_1' title="bbox 625 2037 1492 2133">
    <p class='ocr_par' dir='ltr' id='par_1_1' title="bbox 625 2037 1492 2133">
     <span class='ocr_line' id='line_1_1' title="bbox 625 2037 1492 2133; baseline -0.003 0"><span class='ocrx_word' id='word_1_1' title='bbox 625 2039 859 2133; x_wconf 86' lang='lat' dir='ltr'><strong>Ricardus</strong></span> <span class='ocrx_word' id='word_1_2' title='bbox 892 2037 1136 2133; x_wconf 90' lang='lat' dir='ltr'><strong>Wuensch</strong></span> <span class='ocrx_word' id='word_1_3' title='bbox 1172 2038 1229 2132; x_wconf 91' lang='lat' dir='ltr'><strong>de</strong></span> <span class='ocrx_word' id='word_1_4' title='bbox 1263 2038 1362 2130; x_wconf 87' lang='lat' dir='ltr'><strong>vita</strong></span> <span class='ocrx_word' id='word_1_5' title='bbox 1394 2065 1492 2132; x_wconf 86' lang='lat' dir='ltr'><strong>sua.</strong></span> 
     </span>
    </p>
   </div>
   <div class='ocr_carea' id='block_1_2' title="bbox 357 2428 1749 5071">
    <p class='ocr_par' dir='ltr' id='par_1_2' title="bbox 357 2428 1749 5071">
     <span class='ocr_line' id='line_1_2' title="bbox 449 2428 1745 2509; baseline 0 -15"><span class='ocrx_word' id='word_1_6' title='bbox 449 2430 561 2494; x_wconf 89' lang='lat' dir='ltr'><strong>Natus</strong></span> <span class='ocrx_word' id='word_1_7' title='bbox 594 2448 670 2494; x_wconf 89' lang='lat' dir='ltr'><strong>sum</strong></span> <span class='ocrx_word' id='word_1_8' title='bbox 701 2429 874 2494; x_wconf 89' lang='lat' dir='ltr'><strong>Ricardus</strong></span> <span class='ocrx_word' id='word_1_9' title='bbox 897 2428 1076 2494; x_wconf 90' lang='lat' dir='ltr'><strong>Wuensch</strong></span> <span class='ocrx_word' id='word_1_10' title='bbox 1111 2428 1157 2491; x_wconf 91' lang='lat' dir='ltr'><strong>ad</strong></span> <span class='ocrx_word' id='word_1_11' title='bbox 1185 2429 1305 2509; x_wconf 84' lang='lat' dir='ltr'><strong>Aquas</strong></span> <span class='ocrx_word' id='word_1_12' title='bbox 1338 2429 1527 2494; x_wconf 79' lang='lat' dir='ltr'><strong>Mattiacas</strong></span> <span class='ocrx_word' id='word_1_13' title='bbox 1559 2429 1638 2496; x_wconf 88' lang='lat' dir='ltr'><strong>Kal.</strong></span> <span class='ocrx_word' id='word_1_14' title='bbox 1669 2432 1745 2494; x_wconf 90' lang='lat' dir='ltr'><strong>Iun.</strong></span> 
     </span>
     <span class='ocr_line' id='line_1_3' title="bbox 361 2528 1745 2618; baseline -0.001 -16"><span class='ocrx_word' id='word_1_15' title='bbox 361 2538 445 2603; x_wconf 91' lang='lat' dir='ltr'><strong>anni</strong></span> <span class='ocrx_word' id='word_1_16' title='bbox 477 2537 510 2603; x_wconf 94' lang='lat' dir='ltr'><strong>h.</strong></span> <span class='ocrx_word' id='word_1_17' title='bbox 539 2555 565 2601; x_wconf 90' lang='lat' dir='ltr'><strong>s.</strong></span> <span class='ocrx_word' id='word_1_18' title='bbox 597 2536 714 2600; x_wconf 88' lang='lat' dir='ltr'>LXIX</span> <span class='ocrx_word' id='word_1_19' title='bbox 744 2541 846 2617; x_wconf 90' lang='lat' dir='ltr'><strong>patre</strong></span> <span class='ocrx_word' id='word_1_20' title='bbox 879 2535 1004 2601; x_wconf 85' lang='lat' dir='ltr'><strong>Oarolo</strong></span> <span class='ocrx_word' id='word_1_21' title='bbox 1036 2539 1151 2599; x_wconf 90' lang='lat' dir='ltr'><strong>matre</strong></span> <span class='ocrx_word' id='word_1_22' title='bbox 1181 2534 1366 2599; x_wconf 79' lang='lat' dir='ltr'><strong>HermiuIa</strong></span> <span class='ocrx_word' id='word_1_23' title='bbox 1396 2528 1552 2616; x_wconf 82' lang='lat' dir='ltr'><strong>egente</strong></span> <span class='ocrx_word' id='word_1_24' title='bbox 1583 2535 1745 2618; x_wconf 87' lang='lat' dir='ltr'><strong>Roemer,</strong></span> 
     </span>
     <span class='ocr_line' id='line_1_4' title="bbox 361 2641 1748 2727; baseline -0.001 -19"><span class='ocrx_word' id='word_1_25' title='bbox 361 2662 468 2727; x_wconf 89' lang='lat' dir='ltr'><strong>quam</strong></span> <span class='ocrx_word' id='word_1_26' title='bbox 497 2643 600 2707; x_wconf 91' lang='lat' dir='ltr'><strong>tertio</strong></span> <span class='ocrx_word' id='word_1_27' title='bbox 630 2643 726 2707; x_wconf 90' lang='lat' dir='ltr'><strong>vitae</strong></span> <span class='ocrx_word' id='word_1_28' title='bbox 754 2661 855 2706; x_wconf 90' lang='lat' dir='ltr'><strong>meae</strong></span> <span class='ocrx_word' id='word_1_29' title='bbox 880 2660 972 2705; x_wconf 91' lang='lat' dir='ltr'><strong>anno</strong></span> <span class='ocrx_word' id='word_1_30' title='bbox 998 2641 1162 2705; x_wconf 90' lang='lat' dir='ltr'><strong>amissam</strong></span> <span class='ocrx_word' id='word_1_31' title='bbox 1194 2641 1308 2722; x_wconf 87' lang='lat' dir='ltr'><strong>lugeo.</strong></span> <span class='ocrx_word' id='word_1_32' title='bbox 1358 2643 1460 2705; x_wconf 91' lang='lat' dir='ltr'><strong>Anno</strong></span> <span class='ocrx_word' id='word_1_33' title='bbox 1488 2642 1619 2706; x_wconf 88' lang='lat' dir='ltr'>LXXV</span> <span class='ocrx_word' id='word_1_34' title='bbox 1643 2648 1748 2724; x_wconf 90' lang='lat' dir='ltr'><strong>pater</strong></span> 
     </span>
     <span class='ocr_line' id='line_1_5' title="bbox 359 2748 1747 2830; baseline -0.002 -13"><span class='ocrx_word' id='word_1_35' title='bbox 359 2750 591 2817; x_wconf 88' lang='lat' dir='ltr'><strong>Wetzlariam</strong></span> <span class='ocrx_word' id='word_1_36' title='bbox 612 2768 649 2812; x_wconf 93' lang='lat' dir='ltr'><strong>se</strong></span> <span class='ocrx_word' id='word_1_37' title='bbox 672 2750 828 2830; x_wconf 91' lang='lat' dir='ltr'><strong>contulit,</strong></span> <span class='ocrx_word' id='word_1_38' title='bbox 851 2749 909 2812; x_wconf 90' lang='lat' dir='ltr'><strong>ubi</strong></span> <span class='ocrx_word' id='word_1_39' title='bbox 930 2749 965 2811; x_wconf 92' lang='lat' dir='ltr'><strong>in</strong></span> <span class='ocrx_word' id='word_1_40' title='bbox 985 2748 1248 2810; x_wconf 86' lang='lat' dir='ltr'><strong>matrimonium</strong></span> <span class='ocrx_word' id='word_1_41' title='bbox 1270 2748 1370 2811; x_wconf 87' lang='lat' dir='ltr'><strong>duxit</strong></span> <span class='ocrx_word' id='word_1_42' title='bbox 1386 2749 1583 2829; x_wconf 83' lang='lat' dir='ltr'><strong>Augustam</strong></span> <span class='ocrx_word' id='word_1_43' title='bbox 1604 2761 1747 2830; x_wconf 83' lang='lat' dir='ltr'><strong>egente</strong></span> 
     </span>
     <span class='ocr_line' id='line_1_6' title="bbox 359 2855 1747 2938; baseline -0.001 -17"><span class='ocrx_word' id='word_1_44' title='bbox 359 2857 497 2938; x_wconf 86' lang='lat' dir='ltr'><strong>Kleine,</strong></span> <span class='ocrx_word' id='word_1_45' title='bbox 523 2875 593 2938; x_wconf 90' lang='lat' dir='ltr'><strong>qua</strong></span> <span class='ocrx_word' id='word_1_46' title='bbox 617 2855 735 2920; x_wconf 88' lang='lat' dir='ltr'><strong>adhuc</strong></span> <span class='ocrx_word' id='word_1_47' title='bbox 758 2856 944 2937; x_wconf 81' lang='lat' dir='ltr'><strong>superstite</strong></span> <span class='ocrx_word' id='word_1_48' title='bbox 968 2855 1118 2936; x_wconf 83' lang='lat' dir='ltr'><strong>gaudeo,</strong></span> <span class='ocrx_word' id='word_1_49' title='bbox 1144 2873 1224 2919; x_wconf 92' lang='lat' dir='ltr'><strong>cum</strong></span> <span class='ocrx_word' id='word_1_50' title='bbox 1252 2862 1390 2936; x_wconf 91' lang='lat' dir='ltr'><strong>patrem</strong></span> <span class='ocrx_word' id='word_1_51' title='bbox 1422 2860 1504 2919; x_wconf 87' lang='lat' dir='ltr'><strong>ante</strong></span> <span class='ocrx_word' id='word_1_52' title='bbox 1529 2855 1592 2919; x_wconf 92' lang='lat' dir='ltr'><strong>hos</strong></span> <span class='ocrx_word' id='word_1_53' title='bbox 1616 2874 1747 2920; x_wconf 85' lang='lat' dir='ltr'><strong>novem</strong></span> 
     </span>
     <span class='ocr_line' id='line_1_7' title="bbox 360 2960 1746 3044; baseline -0.001 -15"><span class='ocrx_word' id='word_1_54' title='bbox 360 2982 472 3029; x_wconf 91' lang='lat' dir='ltr'><strong>annos</strong></span> <span class='ocrx_word' id='word_1_55' title='bbox 495 2981 590 3026; x_wconf 92' lang='lat' dir='ltr'><strong>mors</strong></span> <span class='ocrx_word' id='word_1_56' title='bbox 615 2964 747 3027; x_wconf 85' lang='lat' dir='ltr'><strong>acerba</strong></span> <span class='ocrx_word' id='word_1_57' title='bbox 769 2962 853 3026; x_wconf 90' lang='lat' dir='ltr'><strong>mihi</strong></span> <span class='ocrx_word' id='word_1_58' title='bbox 878 2963 1055 3044; x_wconf 90' lang='lat' dir='ltr'><strong>eripuerit.</strong></span> <span class='ocrx_word' id='word_1_59' title='bbox 1089 2961 1188 3025; x_wconf 87' lang='lat' dir='ltr'><strong>Fidei</strong></span> <span class='ocrx_word' id='word_1_60' title='bbox 1213 2960 1374 3027; x_wconf 90' lang='lat' dir='ltr'><strong>addictus</strong></span> <span class='ocrx_word' id='word_1_61' title='bbox 1399 2979 1475 3025; x_wconf 89' lang='lat' dir='ltr'><strong>sum</strong></span> <span class='ocrx_word' id='word_1_62' title='bbox 1500 2963 1746 3044; x_wconf 87' lang='lat' dir='ltr'><strong>evangelicae,</strong></span> 
     </span>
     <span class='ocr_line' id='line_1_8' title="bbox 359 3068 1748 3150; baseline 0 -16"><span class='ocrx_word' id='word_1_63' title='bbox 359 3071 468 3134; x_wconf 90' lang='lat' dir='ltr'><strong>initiis</strong></span> <span class='ocrx_word' id='word_1_64' title='bbox 496 3070 695 3134; x_wconf 85' lang='lat' dir='ltr'><strong>litterarum</strong></span> <span class='ocrx_word' id='word_1_65' title='bbox 724 3071 876 3134; x_wconf 88' lang='lat' dir='ltr'><strong>imbutus</strong></span> <span class='ocrx_word' id='word_1_66' title='bbox 904 3070 940 3132; x_wconf 93' lang='lat' dir='ltr'><strong>in</strong></span> <span class='ocrx_word' id='word_1_67' title='bbox 967 3069 1153 3150; x_wconf 87' lang='lat' dir='ltr'><strong>gymnasio</strong></span> <span class='ocrx_word' id='word_1_68' title='bbox 1177 3068 1436 3149; x_wconf 88' lang='lat' dir='ltr'><strong>Wetzlariensi,</strong></span> <span class='ocrx_word' id='word_1_69' title='bbox 1466 3069 1559 3150; x_wconf 92' lang='lat' dir='ltr'><strong>quod</strong></span> <span class='ocrx_word' id='word_1_70' title='bbox 1588 3069 1670 3133; x_wconf 91' lang='lat' dir='ltr'><strong>inde</strong></span> <span class='ocrx_word' id='word_1_71' title='bbox 1701 3073 1748 3134; x_wconf 93' lang='lat' dir='ltr'><strong>ab</strong></span> 
     </span>
     <span class='ocr_line' id='line_1_9' title="bbox 360 3175 1749 3258; baseline -0.001 -17"><span class='ocrx_word' id='word_1_72' title='bbox 360 3195 454 3241; x_wconf 90' lang='lat' dir='ltr'><strong>anno</strong></span> <span class='ocrx_word' id='word_1_73' title='bbox 480 3175 664 3240; x_wconf 87' lang='lat' dir='ltr'>LXXVIII</span> <span class='ocrx_word' id='word_1_74' title='bbox 687 3195 751 3258; x_wconf 89' lang='lat' dir='ltr'><strong>per</strong></span> <span class='ocrx_word' id='word_1_75' title='bbox 775 3194 902 3239; x_wconf 89' lang='lat' dir='ltr'><strong>novem</strong></span> <span class='ocrx_word' id='word_1_76' title='bbox 928 3193 1038 3239; x_wconf 87' lang='lat' dir='ltr'><strong>annos</strong></span> <span class='ocrx_word' id='word_1_77' title='bbox 1062 3175 1297 3256; x_wconf 80' lang='lat' dir='ltr'><strong>frequentavi.</strong></span> <span class='ocrx_word' id='word_1_78' title='bbox 1327 3176 1419 3239; x_wconf 90' lang='lat' dir='ltr'><strong>Vere</strong></span> <span class='ocrx_word' id='word_1_79' title='bbox 1444 3177 1527 3240; x_wconf 89' lang='lat' dir='ltr'><strong>anni</strong></span> <span class='ocrx_word' id='word_1_80' title='bbox 1543 3176 1749 3241; x_wconf 89' lang='lat' dir='ltr'>LXXXVII</span> 
     </span>
     <span class='ocr_line' id='line_1_10' title="bbox 359 3281 1748 3366; baseline -0.001 -18"><span class='ocrx_word' id='word_1_81' title='bbox 359 3283 574 3348; x_wconf 88' lang='lat' dir='ltr'><strong>maturitatis</strong></span> <span class='ocrx_word' id='word_1_82' title='bbox 598 3281 795 3345; x_wconf 86' lang='lat' dir='ltr'><strong>testimonio</strong></span> <span class='ocrx_word' id='word_1_83' title='bbox 812 3282 1003 3346; x_wconf 90' lang='lat' dir='ltr'><strong>instructus</strong></span> <span class='ocrx_word' id='word_1_84' title='bbox 1019 3281 1216 3345; x_wconf 90' lang='lat' dir='ltr'><strong>litterarum</strong></span> <span class='ocrx_word' id='word_1_85' title='bbox 1235 3283 1502 3348; x_wconf 88' lang='lat' dir='ltr'><strong>universitatem</strong></span> <span class='ocrx_word' id='word_1_86' title='bbox 1518 3283 1748 3366; x_wconf 82' lang='lat' dir='ltr'><strong>Marpurgen-</strong></span> 
     </span>
     <span class='ocr_line' id='line_1_11' title="bbox 360 3388 1747 3471; baseline -0.001 -16"><span class='ocrx_word' id='word_1_87' title='bbox 360 3409 434 3455; x_wconf 89' lang='lat' dir='ltr'><strong>sem</strong></span> <span class='ocrx_word' id='word_1_88' title='bbox 457 3390 537 3471; x_wconf 91' lang='lat' dir='ltr'><strong>adii,</strong></span> <span class='ocrx_word' id='word_1_89' title='bbox 556 3394 593 3452; x_wconf 92' lang='lat' dir='ltr'><strong>ut</strong></span> <span class='ocrx_word' id='word_1_90' title='bbox 609 3388 796 3470; x_wconf 86' lang='lat' dir='ltr'><strong>philologis</strong></span> <span class='ocrx_word' id='word_1_91' title='bbox 817 3389 939 3452; x_wconf 88' lang='lat' dir='ltr'><strong>studiis</strong></span> <span class='ocrx_word' id='word_1_92' title='bbox 961 3401 1106 3469; x_wconf 82' lang='lat' dir='ltr'><strong>operam</strong></span> <span class='ocrx_word' id='word_1_93' title='bbox 1123 3406 1305 3452; x_wconf 83' lang='lat' dir='ltr'><strong>navarem.</strong></span> <span class='ocrx_word' id='word_1_94' title='bbox 1331 3389 1418 3453; x_wconf 90' lang='lat' dir='ltr'><strong>Inde</strong></span> <span class='ocrx_word' id='word_1_95' title='bbox 1437 3393 1482 3454; x_wconf 89' lang='lat' dir='ltr'><strong>ab</strong></span> <span class='ocrx_word' id='word_1_96' title='bbox 1500 3391 1559 3454; x_wconf 94' lang='lat' dir='ltr'><strong>illo</strong></span> <span class='ocrx_word' id='word_1_97' title='bbox 1577 3397 1747 3455; x_wconf 89' lang='lat' dir='ltr'><strong>autumno</strong></span> 
     </span>
     <span class='ocr_line' id='line_1_12' title="bbox 359 3495 1748 3578; baseline 0.002 -19"><span class='ocrx_word' id='word_1_98' title='bbox 359 3515 424 3578; x_wconf 89' lang='lat' dir='ltr'><strong>per</strong></span> <span class='ocrx_word' id='word_1_99' title='bbox 453 3514 584 3559; x_wconf 91' lang='lat' dir='ltr'><strong>annum</strong></span> <span class='ocrx_word' id='word_1_100' title='bbox 613 3495 713 3559; x_wconf 90' lang='lat' dir='ltr'><strong>miles</strong></span> <span class='ocrx_word' id='word_1_101' title='bbox 741 3495 801 3577; x_wconf 85' lang='lat' dir='ltr'><strong>fui,</strong></span> <span class='ocrx_word' id='word_1_102' title='bbox 831 3501 902 3560; x_wconf 89' lang='lat' dir='ltr'><strong>tum</strong></span> <span class='ocrx_word' id='word_1_103' title='bbox 931 3495 1134 3559; x_wconf 90' lang='lat' dir='ltr'><strong>Berolinum</strong></span> <span class='ocrx_word' id='word_1_104' title='bbox 1163 3514 1218 3560; x_wconf 87' lang='lat' dir='ltr'><strong>me</strong></span> <span class='ocrx_word' id='word_1_105' title='bbox 1248 3497 1394 3576; x_wconf 88' lang='lat' dir='ltr'><strong>contuli,</strong></span> <span class='ocrx_word' id='word_1_106' title='bbox 1424 3498 1517 3562; x_wconf 89' lang='lat' dir='ltr'><strong>unde</strong></span> <span class='ocrx_word' id='word_1_107' title='bbox 1547 3517 1632 3562; x_wconf 91' lang='lat' dir='ltr'><strong>vere</strong></span> <span class='ocrx_word' id='word_1_108' title='bbox 1662 3501 1748 3563; x_wconf 90' lang='lat' dir='ltr'><strong>anni</strong></span> 
     </span>
     <span class='ocr_line' id='line_1_13' title="bbox 359 3601 1749 3685; baseline 0.002 -19"><span class='ocrx_word' id='word_1_109' title='bbox 359 3603 576 3683; x_wconf 89' lang='lat' dir='ltr'><strong>insequentis</strong></span> <span class='ocrx_word' id='word_1_110' title='bbox 592 3601 780 3665; x_wconf 89' lang='lat' dir='ltr'>LXXXIX</span> <span class='ocrx_word' id='word_1_111' title='bbox 797 3601 975 3668; x_wconf 84' lang='lat' dir='ltr'><strong>Casselam</strong></span> <span class='ocrx_word' id='word_1_112' title='bbox 993 3603 1201 3683; x_wconf 86' lang='lat' dir='ltr'><strong>demigravi,</strong></span> <span class='ocrx_word' id='word_1_113' title='bbox 1224 3607 1262 3665; x_wconf 91' lang='lat' dir='ltr'><strong>ut</strong></span> <span class='ocrx_word' id='word_1_114' title='bbox 1278 3603 1326 3666; x_wconf 87' lang='lat' dir='ltr'><strong>ibi</strong></span> <span class='ocrx_word' id='word_1_115' title='bbox 1342 3621 1407 3684; x_wconf 90' lang='lat' dir='ltr'><strong>per</strong></span> <span class='ocrx_word' id='word_1_116' title='bbox 1424 3609 1590 3685; x_wconf 90' lang='lat' dir='ltr'><strong>quattuor</strong></span> <span class='ocrx_word' id='word_1_117' title='bbox 1607 3623 1749 3669; x_wconf 88' lang='lat' dir='ltr'><strong>menses</strong></span> 
     </span>
     <span class='ocr_line' id='line_1_14' title="bbox 358 3709 1747 3791; baseline 0.001 -18"><span class='ocrx_word' id='word_1_118' title='bbox 358 3710 487 3773; x_wconf 86' lang='lat' dir='ltr'><strong>iterum</strong></span> <span class='ocrx_word' id='word_1_119' title='bbox 508 3709 607 3772; x_wconf 92' lang='lat' dir='ltr'><strong>miles</strong></span> <span class='ocrx_word' id='word_1_120' title='bbox 629 3727 751 3774; x_wconf 87' lang='lat' dir='ltr'><strong>essem.</strong></span> <span class='ocrx_word' id='word_1_121' title='bbox 786 3710 863 3791; x_wconf 80' lang='lat' dir='ltr'><strong>Quo</strong></span> <span class='ocrx_word' id='word_1_122' title='bbox 887 3728 1033 3774; x_wconf 88' lang='lat' dir='ltr'><strong>munere</strong></span> <span class='ocrx_word' id='word_1_123' title='bbox 1057 3710 1263 3791; x_wconf 82' lang='lat' dir='ltr'><strong>perfunctus</strong></span> <span class='ocrx_word' id='word_1_124' title='bbox 1288 3715 1455 3774; x_wconf 86' lang='lat' dir='ltr'><strong>autumno</strong></span> <span class='ocrx_word' id='word_1_125' title='bbox 1481 3711 1635 3775; x_wconf 88' lang='lat' dir='ltr'><strong>eiusdem</strong></span> <span class='ocrx_word' id='word_1_126' title='bbox 1662 3713 1747 3774; x_wconf 90' lang='lat' dir='ltr'><strong>anni</strong></span> 
     </span>
     <span class='ocr_line' id='line_1_15' title="bbox 361 3816 1747 3899; baseline 0.001 -20"><span class='ocrx_word' id='word_1_127' title='bbox 361 3816 520 3879; x_wconf 87' lang='lat' dir='ltr'><strong>Bormam</strong></span> <span class='ocrx_word' id='word_1_128' title='bbox 546 3816 724 3895; x_wconf 88' lang='lat' dir='ltr'><strong>profectus</strong></span> <span class='ocrx_word' id='word_1_129' title='bbox 753 3834 830 3878; x_wconf 89' lang='lat' dir='ltr'><strong>sum</strong></span> <span class='ocrx_word' id='word_1_130' title='bbox 857 3816 974 3897; x_wconf 90' lang='lat' dir='ltr'><strong>ibique</strong></span> <span class='ocrx_word' id='word_1_131' title='bbox 1003 3834 1070 3897; x_wconf 85' lang='lat' dir='ltr'><strong>per</strong></span> <span class='ocrx_word' id='word_1_132' title='bbox 1098 3816 1151 3879; x_wconf 92' lang='lat' dir='ltr'><strong>bis</strong></span> <span class='ocrx_word' id='word_1_133' title='bbox 1180 3833 1282 3878; x_wconf 90' lang='lat' dir='ltr'><strong>senos</strong></span> <span class='ocrx_word' id='word_1_134' title='bbox 1310 3833 1449 3880; x_wconf 91' lang='lat' dir='ltr'><strong>menses</strong></span> <span class='ocrx_word' id='word_1_135' title='bbox 1478 3817 1608 3882; x_wconf 89' lang='lat' dir='ltr'><strong>scholis</strong></span> <span class='ocrx_word' id='word_1_136' title='bbox 1637 3818 1747 3899; x_wconf 95' lang='lat' dir='ltr'><strong>philo-</strong></span> 
     </span>
     <span class='ocr_line' id='line_1_16' title="bbox 358 3921 1747 4016; baseline 0.003 -32"><span class='ocrx_word' id='word_1_137' title='bbox 358 3923 449 4002; x_wconf 82' lang='lat' dir='ltr'><strong>logis</strong></span> <span class='ocrx_word' id='word_1_138' title='bbox 482 3922 634 3984; x_wconf 81' lang='lat' dir='ltr'><strong>interlui.</strong></span> <span class='ocrx_word' id='word_1_139' title='bbox 682 3921 859 3985; x_wconf 84' lang='lat' dir='ltr'><strong>Autumno</strong></span> <span class='ocrx_word' id='word_1_140' title='bbox 891 3923 973 3985; x_wconf 91' lang='lat' dir='ltr'><strong>anni</strong></span> <span class='ocrx_word' id='word_1_141' title='bbox 1002 3921 1065 3986; x_wconf 82' lang='lat' dir='ltr'><strong>XO</strong></span> <span class='ocrx_word' id='word_1_142' title='bbox 1095 3923 1140 3985; x_wconf 89' lang='lat' dir='ltr'><strong>ad</strong></span> <span class='ocrx_word' id='word_1_143' title='bbox 1170 3922 1299 3985; x_wconf 90' lang='lat' dir='ltr'><strong>almam</strong></span> <span class='ocrx_word' id='word_1_144' title='bbox 1328 3929 1479 4016; x_wconf 86' lang='lat' dir='ltr'><strong>matrem</strong></span> <span class='ocrx_word' id='word_1_145' title='bbox 1507 3923 1747 4006; x_wconf 90' lang='lat' dir='ltr'><strong>Philippinam</strong></span> 
     </span>
     <span class='ocr_line' id='line_1_17' title="bbox 357 4027 1747 4112; baseline 0 -17"><span class='ocrx_word' id='word_1_146' title='bbox 357 4027 457 4108; x_wconf 89' lang='lat' dir='ltr'><strong>redii,</strong></span> <span class='ocrx_word' id='word_1_147' title='bbox 483 4028 581 4092; x_wconf 91' lang='lat' dir='ltr'><strong>cuius</strong></span> <span class='ocrx_word' id='word_1_148' title='bbox 610 4046 673 4108; x_wconf 89' lang='lat' dir='ltr'><strong>per</strong></span> <span class='ocrx_word' id='word_1_149' title='bbox 704 4028 882 4091; x_wconf 89' lang='lat' dir='ltr'><strong>biennium</strong></span> <span class='ocrx_word' id='word_1_150' title='bbox 912 4029 1004 4092; x_wconf 86' lang='lat' dir='ltr'><strong>inter</strong></span> <span class='ocrx_word' id='word_1_151' title='bbox 1037 4029 1134 4094; x_wconf 89' lang='lat' dir='ltr'><strong>cives</strong></span> <span class='ocrx_word' id='word_1_152' title='bbox 1166 4035 1370 4092; x_wconf 87' lang='lat' dir='ltr'><strong>numeratus</strong></span> <span class='ocrx_word' id='word_1_153' title='bbox 1402 4048 1479 4093; x_wconf 92' lang='lat' dir='ltr'><strong>sum</strong></span> <span class='ocrx_word' id='word_1_154' title='bbox 1510 4031 1747 4112; x_wconf 65' lang='lat' dir='ltr'><strong>academicos</strong></span> 
     </span>
     <span class='ocr_line' id='line_1_18' title="bbox 358 4135 1747 4218; baseline 0.002 -20"><span class='ocrx_word' id='word_1_155' title='bbox 358 4153 423 4217; x_wconf 92' lang='lat' dir='ltr'><strong>per</strong></span> <span class='ocrx_word' id='word_1_156' title='bbox 440 4153 503 4198; x_wconf 84' lang='lat' dir='ltr'><strong>sex</strong></span> <span class='ocrx_word' id='word_1_157' title='bbox 524 4152 661 4198; x_wconf 90' lang='lat' dir='ltr'><strong>menses</strong></span> <span class='ocrx_word' id='word_1_158' title='bbox 678 4141 716 4198; x_wconf 92' lang='lat' dir='ltr'><strong>ut</strong></span> <span class='ocrx_word' id='word_1_159' title='bbox 732 4136 778 4199; x_wconf 86' lang='lat' dir='ltr'><strong>ibi</strong></span> <span class='ocrx_word' id='word_1_160' title='bbox 801 4135 960 4199; x_wconf 90' lang='lat' dir='ltr'><strong>audirem</strong></span> <span class='ocrx_word' id='word_1_161' title='bbox 982 4135 1132 4216; x_wconf 90' lang='lat' dir='ltr'><strong>scholas,</strong></span> <span class='ocrx_word' id='word_1_162' title='bbox 1150 4136 1312 4217; x_wconf 88' lang='lat' dir='ltr'><strong>quamvis</strong></span> <span class='ocrx_word' id='word_1_163' title='bbox 1329 4136 1520 4218; x_wconf 88' lang='lat' dir='ltr'><strong>iuscriptus</strong></span> <span class='ocrx_word' id='word_1_164' title='bbox 1535 4155 1606 4200; x_wconf 90' lang='lat' dir='ltr'><strong>non</strong></span> <span class='ocrx_word' id='word_1_165' title='bbox 1621 4156 1747 4218; x_wconf 89' lang='lat' dir='ltr'><strong>essem,</strong></span> 
     </span>
     <span class='ocr_line' id='line_1_19' title="bbox 361 4241 1746 4325; baseline 0.001 -19"><span class='ocrx_word' id='word_1_166' title='bbox 361 4242 513 4321; x_wconf 84' lang='lat' dir='ltr'><strong>benigne</strong></span> <span class='ocrx_word' id='word_1_167' title='bbox 531 4260 739 4306; x_wconf 89' lang='lat' dir='ltr'><strong>concessum</strong></span> <span class='ocrx_word' id='word_1_168' title='bbox 755 4246 817 4306; x_wconf 90' lang='lat' dir='ltr'><strong>est.</strong></span> <span class='ocrx_word' id='word_1_169' title='bbox 835 4241 1040 4307; x_wconf 89' lang='lat' dir='ltr'><strong>Doeuerunt</strong></span> <span class='ocrx_word' id='word_1_170' title='bbox 1055 4261 1111 4306; x_wconf 91' lang='lat' dir='ltr'><strong>me</strong></span> <span class='ocrx_word' id='word_1_171' title='bbox 1124 4243 1192 4306; x_wconf 90' lang='lat' dir='ltr'><strong>viri</strong></span> <span class='ocrx_word' id='word_1_172' title='bbox 1209 4241 1401 4306; x_wconf 86' lang='lat' dir='ltr'><strong>doctIssimi</strong></span> <span class='ocrx_word' id='word_1_173' title='bbox 1419 4243 1544 4325; x_wconf 90' lang='lat' dir='ltr'><strong>Diels,</strong></span> <span class='ocrx_word' id='word_1_174' title='bbox 1562 4243 1746 4325; x_wconf 86' lang='lat' dir='ltr'><strong>Dilthey,</strong></span> 
     </span>
     <span class='ocr_line' id='line_1_20' title="bbox 358 4347 1747 4432; baseline 0.001 -21"><span class='ocrx_word' id='word_1_175' title='bbox 358 4347 569 4426; x_wconf 90' lang='lat' dir='ltr'><strong>Huebner,</strong></span> <span class='ocrx_word' id='word_1_176' title='bbox 598 4347 833 4429; x_wconf 87' lang='lat' dir='ltr'><strong>Kirchhoff,</strong></span> <span class='ocrx_word' id='word_1_177' title='bbox 859 4349 906 4412; x_wconf 99' lang='lat' dir='ltr'><strong>de</strong></span> <span class='ocrx_word' id='word_1_178' title='bbox 931 4349 1181 4414; x_wconf 86' lang='lat' dir='ltr'><strong>Treitschke</strong></span> <span class='ocrx_word' id='word_1_179' title='bbox 1210 4349 1472 4432; x_wconf 87' lang='lat' dir='ltr'><strong>Berolinenses;</strong></span> <span class='ocrx_word' id='word_1_180' title='bbox 1502 4350 1747 4431; x_wconf 83' lang='lat' dir='ltr'><strong>Buecheler,</strong></span> 
     </span>
     <span class='ocr_line' id='line_1_21' title="bbox 358 4453 1747 4538; baseline 0.001 -20"><span class='ocrx_word' id='word_1_181' title='bbox 358 4455 518 4532; x_wconf 75' lang='lat' dir='ltr'><strong>laconi,</strong></span> <span class='ocrx_word' id='word_1_182' title='bbox 531 4453 658 4536; x_wconf 89' lang='lat' dir='ltr'><strong>Lipps</strong></span> <span class='ocrx_word' id='word_1_183' title='bbox 671 4461 778 4536; x_wconf 87' lang='lat' dir='ltr'><strong>(nunc</strong></span> <span class='ocrx_word' id='word_1_184' title='bbox 791 4454 1116 4536; x_wconf 77' lang='lat' dir='ltr'><strong>wratislaviensis),</strong></span> <span class='ocrx_word' id='word_1_185' title='bbox 1134 4455 1386 4536; x_wconf 88' lang='lat' dir='ltr'><strong>Loeschoke,</strong></span> <span class='ocrx_word' id='word_1_186' title='bbox 1403 4455 1561 4537; x_wconf 90' lang='lat' dir='ltr'><strong>Nissen,</strong></span> <span class='ocrx_word' id='word_1_187' title='bbox 1575 4457 1747 4538; x_wconf 85' lang='lat' dir='ltr'><strong>Usener,</strong></span> 
     </span>
     <span class='ocr_line' id='line_1_22' title="bbox 358 4559 1747 4644; baseline 0.003 -19"><span class='ocrx_word' id='word_1_188' title='bbox 358 4559 589 4625; x_wconf 89' lang='lat' dir='ltr'><strong>Wilmanns</strong></span> <span class='ocrx_word' id='word_1_189' title='bbox 630 4560 849 4642; x_wconf 87' lang='lat' dir='ltr'><strong>Bonnenses;</strong></span> <span class='ocrx_word' id='word_1_190' title='bbox 892 4562 1141 4642; x_wconf 82' lang='lat' dir='ltr'><strong>Bergmann,</strong></span> <span class='ocrx_word' id='word_1_191' title='bbox 1183 4562 1284 4642; x_wconf 89' lang='lat' dir='ltr'><strong>Birt,</strong></span> <span class='ocrx_word' id='word_1_192' title='bbox 1324 4561 1477 4644; x_wconf 86' lang='lat' dir='ltr'><strong>Oohen,</strong></span> <span class='ocrx_word' id='word_1_193' title='bbox 1517 4563 1747 4644; x_wconf 90' lang='lat' dir='ltr'><strong>Dieterich,</strong></span> 
     </span>
     <span class='ocr_line' id='line_1_23' title="bbox 358 4666 1748 4752; baseline 0.004 -23"><span class='ocrx_word' id='word_1_194' title='bbox 358 4666 549 4749; x_wconf 88' lang='lat' dir='ltr'><strong>Koester,</strong></span> <span class='ocrx_word' id='word_1_195' title='bbox 585 4667 694 4731; x_wconf 87' lang='lat' dir='ltr'><strong>Lenz</strong></span> <span class='ocrx_word' id='word_1_196' title='bbox 732 4673 838 4750; x_wconf 82' lang='lat' dir='ltr'><strong>(nunc</strong></span> <span class='ocrx_word' id='word_1_197' title='bbox 873 4668 1137 4750; x_wconf 87' lang='lat' dir='ltr'><strong>Berolinensis),</strong></span> <span class='ocrx_word' id='word_1_198' title='bbox 1169 4666 1340 4752; x_wconf 89' lang='lat' dir='ltr'><strong>Natorp‚</strong></span> <span class='ocrx_word' id='word_1_199' title='bbox 1375 4668 1511 4750; x_wconf 79' lang='lat' dir='ltr'><strong>NIese,</strong></span> <span class='ocrx_word' id='word_1_200' title='bbox 1545 4669 1748 4752; x_wconf 88' lang='lat' dir='ltr'><strong>Leopoldus</strong></span> 
     </span>
     <span class='ocr_line' id='line_1_24' title="bbox 359 4773 1748 4860; baseline 0.003 -22"><span class='ocrx_word' id='word_1_201' title='bbox 359 4773 546 4838; x_wconf 77' lang='lat' dir='ltr'><strong>Schmidt</strong></span> <span class='ocrx_word' id='word_1_202' title='bbox 567 4779 596 4856; x_wconf 80' lang='lat'><strong>†,</strong></span> <span class='ocrx_word' id='word_1_203' title='bbox 622 4774 817 4838; x_wconf 86' lang='lat' dir='ltr'><strong>Edwardus</strong></span> <span class='ocrx_word' id='word_1_204' title='bbox 841 4774 1088 4854; x_wconf 86' lang='lat' dir='ltr'><strong>Schroeder,</strong></span> <span class='ocrx_word' id='word_1_205' title='bbox 1114 4775 1162 4838; x_wconf 92' lang='lat' dir='ltr'><strong>de</strong></span> <span class='ocrx_word' id='word_1_206' title='bbox 1186 4773 1321 4856; x_wconf 85' lang='lat' dir='ltr'><strong>Sybel‚</strong></span> <span class='ocrx_word' id='word_1_207' title='bbox 1346 4773 1612 4840; x_wconf 91' lang='lat' dir='ltr'><strong>Wellhausen</strong></span> <span class='ocrx_word' id='word_1_208' title='bbox 1637 4782 1748 4860; x_wconf 88' lang='lat' dir='ltr'><strong>(nuno</strong></span> 
     </span>
     <span class='ocr_line' id='line_1_25' title="bbox 359 4880 1747 4965; baseline 0 -19"><span class='ocrx_word' id='word_1_209' title='bbox 359 4880 627 4962; x_wconf 81' lang='lat' dir='ltr'><strong>Gottingensis),</strong></span> <span class='ocrx_word' id='word_1_210' title='bbox 677 4880 876 4946; x_wconf 85' lang='lat' dir='ltr'><strong>Wissowa</strong></span> <span class='ocrx_word' id='word_1_211' title='bbox 925 4883 1210 4964; x_wconf 83' lang='lat' dir='ltr'><strong>Marpurgenses.</strong></span> <span class='ocrx_word' id='word_1_212' title='bbox 1273 4881 1523 4946; x_wconf 88' lang='lat' dir='ltr'><strong>Proseminarii</strong></span> <span class='ocrx_word' id='word_1_213' title='bbox 1575 4882 1747 4965; x_wconf 87' lang='lat' dir='ltr'><strong>philologi</strong></span> 
     </span>
     <span class='ocr_line' id='line_1_26' title="bbox 358 4987 1747 5071; baseline 0 -18"><span class='ocrx_word' id='word_1_214' title='bbox 358 4987 573 5068; x_wconf 88' lang='lat' dir='ltr'><strong>Wissowa‚</strong></span> <span class='ocrx_word' id='word_1_215' title='bbox 608 4987 809 5052; x_wconf 81' lang='lat' dir='ltr'><strong>Germanici</strong></span> <span class='ocrx_word' id='word_1_216' title='bbox 842 4987 1098 5052; x_wconf 84' lang='lat' dir='ltr'><strong>Sohroedero</strong></span> <span class='ocrx_word' id='word_1_217' title='bbox 1127 4987 1334 5051; x_wconf 89' lang='lat' dir='ltr'><strong>moderante</strong></span> <span class='ocrx_word' id='word_1_218' title='bbox 1367 4987 1549 5070; x_wconf 85' lang='lat' dir='ltr'><strong>utriusque</strong></span> <span class='ocrx_word' id='word_1_219' title='bbox 1580 5007 1643 5071; x_wconf 93' lang='lat' dir='ltr'><strong>per</strong></span> <span class='ocrx_word' id='word_1_220' title='bbox 1676 4990 1747 5053; x_wconf 93' lang='lat' dir='ltr'><strong>duo</strong></span> 
     </span>
    </p>
   </div>
   <div class='ocr_carea' id='block_1_3' title="bbox 0 0 1848 5908">
    <p class='ocr_par' dir='ltr' id='par_1_3' title="bbox 0 0 1848 5908">
     <span class='ocr_line' id='line_1_27' title="bbox 0 0 1848 5908; baseline 0 1"><span class='ocrx_word' id='word_1_221' title='bbox 0 0 1848 5908; x_wconf 95' lang='lat' dir='ltr'><strong> </strong></span> 
     </span>
    </p>
   </div>
  </div>
 </body>
</html>
