3688 5908
667 510 887 571 „73-

166 699 353 764 Habemus
383 701 503 781 itaque
534 698 675 763 codices
704 701 840 761 nostros
865 703 900 762 et
924 707 1049 762 contra
1073 698 1261 762 lectionem
1285 700 1470 780 vulgatam

90 808 346 871 consentientes
371 811 406 870 et
430 806 553 868 iisdem
584 804 671 868 locis
700 804 910 885 corruptelis
941 804 1162 868 laborantes:
1194 822 1286 886 quae
1318 824 1375 870 res
1407 824 1470 870 nos

90 913 270 994 adducunt,
296 926 335 976 ut
357 931 416 977 eos
439 931 484 975 ex
505 929 574 974 uno
595 910 789 991 eodemque
814 910 1009 991 archetypo
1035 909 1229 993 descriptos
1251 931 1327 978 esse
1344 914 1472 979 iudice-

91 1039 172 1082 mus:
205 1020 385 1102 siquidem
418 1039 482 1084 eae
516 1021 696 1098 lectiones
729 1019 855 1100 quibus
887 1019 979 1082 inter
1012 1039 1049 1083 se
1081 1019 1285 1101 discrepant
1316 1020 1349 1084 H
1377 1029 1412 1086 et
1432 1023 1474 1104 V,

91 1143 238 1206 quasque
264 1127 423 1190 nondum
449 1127 638 1207 attigimus,
663 1126 753 1188 tales
774 1143 844 1188 000
865 1131 955 1206 sunt,
978 1127 1101 1207 quales
1122 1127 1157 1189 10
1179 1146 1287 1191 unum
1307 1129 1472 1211 idemque

92 1233 320 1314 archetypum
341 1236 475 1297 referre
496 1251 567 1295 non
588 1232 705 1296 liceat.
730 1232 846 1313 Atque
867 1232 938 1294 iam
955 1232 998 1296 de
1015 1233 1069 1296 his
1085 1233 1172 1297 locis
1189 1233 1472 1316 discrepantibus

93 1357 228 1419 agamus
254 1342 428 1422 nobisque
453 1358 642 1420 sumamus,
669 1344 706 1401 nt
725 1340 789 1402 hos
810 1358 829 1402 e
851 1340 1057 1404 coniectura
1081 1345 1202 1403 nostra
1226 1341 1269 1404 de
1293 1345 1472 1407 communi

92 1446 234 1526 quodam
261 1449 459 1528 archetypo
484 1447 665 1528 explicare
691 1464 868 1509 conemur.

170 1573 290 1654 Atque
308 1575 342 1636 10
360 1573 412 1636 his
429 1572 638 1636 lectionibus
656 1571 940 1635 dissentientibus
957 1571 1127 1652 imprimis
1144 1571 1294 1636 difficilis
1311 1575 1471 1654 quaestio

92 1683 137 1739 est
159 1679 201 1741 de
226 1680 271 1742 iis
296 1681 392 1758 locis,
417 1680 544 1760 quibus
567 1678 601 1741 H
628 1685 664 1742 et
688 1678 718 1741 V
742 1679 903 1759 primitus
935 1697 1005 1741 non
1038 1680 1271 1761 consentiunt,
1304 1681 1366 1743 sed
1399 1701 1471 1744 cor-

94 1789 226 1848 rectura
259 1788 381 1868 aliqua
409 1792 471 1849 aut
499 1787 533 1848 in
564 1785 687 1850 codice
711 1785 743 1848 H
773 1793 834 1848 aut
861 1785 897 1848 10
928 1785 1050 1850 codice
1075 1785 1106 1848 V
1130 1804 1152 1848 a
1179 1786 1337 1850 secunda
1364 1807 1472 1852 manu

94 1889 181 1953 facta
213 1892 251 1955 in
287 1911 495 1957 consensum
528 1893 648 1956 vocati
681 1898 770 1955 sunt.
827 1891 928 1973 Quae
962 1911 1018 1956 res
1051 1893 1185 1955 nullam
1218 1893 1473 1959 dubitationem

94 2005 254 2079 moveret,
277 2002 304 2063 si
327 2001 416 2063 alter
438 2004 575 2063 tantum
592 1999 706 2064 codex
722 1999 772 2062 ita
789 2004 968 2063 correctus
986 2005 1087 2078 esset,
1105 2004 1144 2062 ut
1159 2000 1250 2063 haec
1266 2011 1473 2066 correctura

95 2105 224 2184 saepius
259 2125 338 2172 cum
371 2108 483 2170 altero
516 2106 638 2170 codice
671 2106 901 2170 consentiret:
934 2109 1006 2168 tum
1031 2123 1247 2170 sumeremus
1275 2108 1370 2172 hanc
1398 2127 1471 2173 cor-

95 2216 264 2276 recturam
281 2213 326 2276 ad
342 2214 447 2277 fidem
468 2213 654 2294 archetypi
675 2214 809 2277 factam
830 2229 922 2276 esse:
948 2213 1016 2277 Sed
1039 2220 1186 2295 uterque
1207 2219 1261 2277 est
1280 2220 1471 2298 correctus

96 2332 199 2396 neque
224 2321 349 2384 eodem
373 2338 512 2401 semper
536 2322 625 2401 loco,
654 2320 759 2383 immo
788 2321 929 2402 saepius
959 2322 1050 2384 alter
1077 2322 1155 2401 hoc,
1181 2323 1271 2385 alter
1296 2323 1357 2384 illo
1383 2324 1472 2388 loco.

97 2419 141 2484 De
164 2424 233 2490 hac
257 2433 374 2491 autem
397 2447 436 2491 re
462 2429 602 2490 omnino
627 2446 690 2490 nos
713 2428 872 2492 iudicare
896 2445 998 2508 posse
1023 2447 1092 2490 non
1118 2433 1212 2509 puto,
1238 2429 1304 2492 nisi
1330 2434 1412 2494 ante
1436 2431 1472 2493 10

98 2526 240 2595 indolem
273 2541 513 2599 correctorum
548 2535 710 2599 codicum
742 2535 775 2597 H
807 2541 843 2598 et
871 2534 901 2596 V
929 2535 1224 2616 inquisiverimus.
1276 2535 1395 2617 Atque
1429 2537 1473 2600 de

98 2637 209 2702 codice
231 2641 262 2704 H
285 2642 380 2706 hanc
403 2642 648 2723 quaestionem
672 2642 742 2705 iam
767 2659 875 2723 supra
899 2646 944 2722 (p.
968 2646 1022 2721 34)
1047 2642 1185 2704 solvere
1210 2647 1359 2705 conatus
1385 2661 1473 2724 sum,

100 2757 168 2804 cum
188 2743 220 2807 H
244 2748 356 2828 ipsum
380 2749 589 2829 plerumque
618 2766 663 2812 ex
692 2749 887 2829 archetypo
919 2749 1126 2826 correxisse,
1158 2749 1335 2811 interdum
1365 2750 1472 2813 etiam

98 2862 151 2909 suo
173 2849 284 2917 Marte
316 2872 478 2934 novasse,
503 2855 548 2938 H,
575 2873 661 2918 vero
691 2855 866 2918 interdum
896 2856 1169 2936 interpolantem
1194 2874 1214 2918 e
1238 2855 1361 2920 codice
1391 2874 1473 2937 quo-

101 2951 170 3018 dam
186 2962 353 3039 vulgatae
378 2961 575 3024 traditionis
597 2962 824 3042 exscripsisse
841 2963 1101 3026 contenderem.
1128 2961 1243 3042 Quam
1259 2963 1472 3026 sententiam

99 3058 122 3118 si
143 3065 321 3131 referimus
346 3068 391 3130 ad
420 3069 661 3132 coniecturam
692 3074 848 3132 nostram
882 3069 925 3132 de
956 3070 1132 3133 communi
1164 3070 1314 3151 quodam
1351 3071 1473 3134 arche-

101 3169 173 3247 typo
197 3175 356 3239 codicum
379 3174 411 3236 H
436 3180 471 3238 et
496 3174 536 3255 V,
562 3176 790 3256 monebimus
815 3194 888 3238 rem
913 3177 964 3239 ita
988 3195 1025 3239 se
1049 3175 1193 3256 habere,
1226 3181 1263 3238 ut
1287 3195 1330 3240 ea
1355 3178 1471 3258 lectio,

101 3281 237 3350 quaein
260 3282 383 3346 codiee
400 3282 431 3345 V
447 3283 623 3346 consentit
647 3301 727 3346 cum
750 3283 826 3363 ipso
850 3283 883 3345 H
908 3283 1117 3363 corrigente,
1142 3283 1213 3346 iarn
1237 3284 1413 3346 exstiterit
1436 3284 1470 3346 in

102 3376 151 3442 illo
180 3388 385 3469 archetypo;
419 3389 478 3452 ubi
508 3407 593 3452 vero
625 3407 704 3453 cum
733 3389 778 3472 H,
808 3390 984 3454 consentit
1007 3390 1047 3467 V,
1076 3390 1263 3453 lectionem
1288 3390 1471 3472 habemus,

103 3500 195 3564 quam
218 3494 248 3557 H
271 3513 406 3559 novare
431 3495 573 3577 studuit,
598 3513 776 3577 quamque
800 3501 980 3560 corrector
1009 3496 1055 3559 ad
1083 3496 1187 3559 lidem
1210 3496 1373 3560 lectionis
1400 3498 1473 3559 vul-

102 3599 194 3669 gatae
216 3603 410 3666 revocavit.

179 3721 410 3789 Transeamus
426 3726 498 3790 iam
515 3726 560 3790 ad
578 3726 736 3791 codicem
750 3726 790 3807 V,
808 3727 867 3808 qui
884 3733 1027 3809 praeter
1043 3728 1231 3790 nonnullas
1248 3733 1472 3792 correcturas

102 3820 131 3884 in
152 3827 221 3908 ipso
244 3832 430 3896 scribendo
456 3853 478 3896 a
502 3834 646 3897 librario
670 3834 786 3897 factas
807 3837 843 3896 et
863 3834 1050 3897 nonnullas
1067 3833 1188 3897 varias
1209 3834 1379 3898 lectiones
1400 3835 1471 3898 iam

103 3927 131 3992 in
154 3940 340 4021 archetypo
365 3945 545 4004 exstantes
570 3945 812 4006 correcturam
836 3941 1039 4004 continuam
1063 3959 1188 4021 passus
1213 3946 1266 4004 est
1289 3942 1334 4004 ab
1357 3941 1472 4004 altera

103 4051 194 4107 manu
210 4045 288 4130 (V,),
312 4047 411 4111 cuius
434 4047 590 4111 indolem
612 4053 649 4109 ut
670 4065 875 4128 cognoscas
897 4047 992 4128 ipsas
1014 4051 1237 4111 correcturas
1258 4046 1470 4144 consideres.

223 4241 307 4324 Cap.
334 4217 335 4220 Ἴ
430 4243 550 4307 Lectio
576 4241 726 4321 vulgata
935 4241 966 4303 V
984 4246 1024 4324 †
1042 4240 1085 4324 V,

246 4368 262 4431 Ι
291 4376 309 4432 6
379 4373 484 4431 bellurn
865 4372 1041 4449 repnurn,V,
1069 4371 1174 4429 bellurn

213 4475 311 4539 ΠΙῙ4
379 4477 574 4556 ²Auauu'rpyeov
865 4477 1058 4555 ’Λσκιπύργιον
1081 4498 1174 4550 arum,
1193 4479 1232 4556 V,
1253 4478 1473 4552 asehiburqt'ttm

268 4590 307 4647 15
375 4593 518 4664 repertum
866 4592 986 4662 repertu,
999 4587 1039 4664 V,
1064 4591 1207 4662 repertam

213 4689 261 4752 IV
291 4697 309 4753 5
379 4700 532 4770 tamqnam
541 4693 849 4770 OD,quurnquumAB
869 4699 1020 4768 tunquam,
1034 4693 1072 4771 V,
1099 4712 1281 4770 quamquam

291 4804 308 4860 6
377 4802 468 4860 0011111
482 4801 543 4875 AB,
567 4801 671 4859 00111101
687 4799 736 4860 OD
870 4801 987 4873 meruli,
999 4800 1038 4878 V,
1064 4801 1168 4859 cerulei

289 4910 307 4967 9
375 4909 507 4967 inedium
865 4908 964 4966 inedia
986 4908 1030 4980 t'rt,
1047 4908 1087 4985 V,
1112 4909 1244 4966 inedium

226 5009 258 5072 X
288 5017 308 5074 4
378 5021 480 5074 temere
868 5019 977 5087 temere,
991 5014 1031 5093 V,
1050 5019 1145 5073 tenent
1168 5015 1219 5091 (ita
1233 5015 1273 5090 H)

1313 5137 1345 5185 10
