3682 5912
666 530 887 590 ..45„.

172 723 322 787 Reiectis
345 723 396 786 ita
421 721 556 784 duobus
580 721 648 783 illis
665 719 870 783 Baehrensii
896 720 1122 799 argumentis,
1148 721 1273 800 quibus
1298 719 1471 799 originem

92 832 332 896 Germanicam
357 829 489 894 codicis
512 827 750 890 Hummeliani
773 826 1005 889 demonstrari
1027 827 1268 905 contenderat,
1291 825 1379 888 nihil
1400 826 1471 888 iarn

78 916 242 1021 impedit,
283 937 467 1018 quominus
506 935 665 1000 codicem
711 939 867 997 nostrum
908 953 952 997 ex
992 935 1199 1015 apographo
1239 934 1470 998 Henochiano

92 1047 238 1129 pendere
262 1062 451 1108 sumamus,
496 1042 618 1123 Neque
647 1042 839 1122 quicquam
868 1040 949 1104 huic
978 1043 1174 1104 sententiae
1200 1041 1303 1104 video
1333 1051 1470 1104 contra-

93 1155 212 1218 dicere.
259 1153 375 1231 Atque
399 1150 434 1212 id
466 1150 580 1231 ipsum
611 1148 836 1212 statuendum
868 1149 943 1228 erit,
975 1149 1118 1228 longam
1150 1148 1312 1212 codicum
1343 1147 1472 1211 seriem

93 1259 303 1324 intercedere
335 1258 427 1320 inter
458 1257 704 1338 apographum
735 1256 822 1318 illud
854 1260 888 1319 et
913 1256 1071 1320 codicem
1095 1255 1137 1336 H,
1163 1265 1197 1319 et
1222 1255 1350 1318 multos
1375 1254 1471 1316 viros

95 1368 206 1431 doctos
229 1365 282 1428 his
308 1364 488 1428 codicibus
513 1364 815 1434 intercedentibus
839 1381 984 1444 operam
1013 1382 1164 1426 navasse
1190 1361 1411 1426 emendando
1436 1365 1472 1423 et

95 1472 310 1553 corrigendo:
335 1472 385 1534 ita
402 1477 439 1533 ut
460 1471 572 1552 primo
590 1472 712 1535 obtutu
729 1471 762 1533 H
778 1471 813 1533 in
831 1471 1128 1552 praestantiorum
1145 1487 1329 1532 numerum
1346 1468 1471 1532 referri

95 1598 187 1661 posse
211 1579 401 1642 videretur.
438 1578 694 1659 Interpolatum
720 1583 840 1640 autem
863 1597 939 1641 esse
964 1578 1121 1642 codicem
1147 1584 1303 1640 nostrum
1329 1575 1471 1656 saepius

95 1687 289 1767 monuimus,
307 1690 343 1748 et
359 1685 614 1748 emendationis
631 1689 738 1748 testes
752 1691 833 1748 sunt
845 1685 988 1748 nomina
1000 1685 1062 1747 illa
1074 1685 1218 1765 propria
1231 1685 1265 1746 in
1280 1684 1472 1762 genuinam

94 1794 233 1857 formam
262 1793 426 1857 restituta
450 1793 631 1872 (Abnobae,
656 1791 790 1872 steron,
823 1793 926 1872 Ubii).
967 1793 1011 1854 At
1037 1792 1194 1855 codicem
1219 1791 1471 1871 interpolatum

96 1905 125 1964 et
156 1900 380 1964 emendatum
412 1918 476 1981 pro
509 1900 739 1962 fundamento
778 1900 863 1962 artis
902 1899 1047 1963 criticae
1081 1898 1304 1962 exercendae
1338 1896 1470 1960 habere

96 2009 264 2071 nolumus:
290 2025 401 2088 quare
425 2006 618 2070 Holderum
643 2014 678 2069 et
706 2006 960 2069 Baehrensium
992 2025 1064 2092 non
1094 2009 1183 2070 bene
1215 2005 1340 2068 fecisse
1372 2009 1472 2085 puta-

97 2115 208 2195 bimus,
226 2115 320 2196 quod
336 2114 477 2177 inverso
500 2114 660 2178 codicum
683 2114 806 2176 ordine
829 2113 940 2177 codici
958 2113 991 2176 H
1012 2114 1161 2194 primum
1185 2114 1301 2176 locum
1322 2112 1356 2174 in
1374 2111 1472 2174 resti-

97 2222 214 2284 tuendo
239 2220 453 2286 Germaniae
478 2225 577 2284 textu
608 2222 816 2285 tribuerunt.
864 2221 931 2284 Sed
966 2227 1050 2301 quot
1082 2221 1251 2284 lectiones
1283 2218 1415 2282 codicis
1438 2217 1472 2280 H

96 2330 244 2409 proprias
266 2333 301 2391 et
319 2347 340 2391 a
356 2329 508 2392 lectione
525 2329 674 2408 vulgata
694 2328 840 2408 gravius
862 2327 1104 2408 discrepantes
1126 2328 1160 2389 in
1183 2332 1319 2389 textum
1335 2325 1472 2406 recepit

97 2433 237 2500 Holder?
283 2435 541 2498 Perlustremus
565 2453 626 2498 eas
650 2435 821 2498 breviter:
852 2436 1003 2515 primum
1032 2442 1112 2496 sunt
1141 2436 1209 2496 tria
1238 2435 1299 2495 illa
1329 2433 1472 2495 nomina

97 2543 227 2623 propria
250 2582 293 2590 —
318 2546 476 2606 ceterum
498 2543 570 2604 iam
594 2542 724 2604 dudum
748 2542 904 2604 virorum
922 2542 1104 2604 doctorum
1121 2541 1327 2604 coniectura
1344 2546 1473 2602 sanata

97 2649 272 2714 -deinde
296 2667 404 2712 unam
428 2651 669 2713 coniecturam
693 2649 825 2713 codicis
848 2649 890 2730 H,
916 2667 1021 2730 quam
1046 2667 1111 2728 ego
1137 2665 1275 2729 quoque
1300 2648 1473 2727 recipiam

99 2754 184 2835 (llll
214 2757 509 2839 conditoremque),
539 2760 613 2818 tum
643 2760 714 2819 tres
747 2756 846 2836 aliae,
879 2774 969 2836 quae
998 2755 1082 2818 mihi
1111 2755 1206 2818 haud
1237 2755 1286 2816 ita
1310 2755 1471 2834 placent:

99 2860 127 2922 id
148 2862 330 2942 quodiam
355 2880 463 2943 supra
483 2863 611 2942 monui,
635 2863 677 2925 de
704 2863 764 2926 119
796 2863 863 2925 nisi
887 2863 950 2925 sibi
981 2881 1012 2943 p.
1036 2869 1087 2943 41,
1111 2862 1153 2925 de
1175 2862 1273 2925 11113
1300 2862 1472 2924 incolatur

99 2971 127 3029 et
158 2969 300 3033 XVIIIs
343 2971 495 3032 ambiunt
532 2988 566 3051 p.
598 2975 649 3035 37.
706 2969 804 3049 Quas
841 2969 1010 3032 lectiones
1048 2969 1179 3033 codicis
1212 2969 1244 3031 H
1283 2976 1471 3049 praeterea

100 3074 320 3139 Baehrensius
345 3077 380 3138 in
405 3080 539 3140 textum
559 3078 736 3139 relaturus
758 3077 833 3156 fuit,
856 3094 916 3138 eas
942 3077 1011 3138 iarn
1037 3077 1161 3138 missas
1182 3076 1365 3156 faciamus,
1388 3076 1472 3156 quia

99 3179 153 3244 has
180 3183 352 3263 genuinas
381 3202 449 3246 non
475 3202 551 3247 esse
575 3202 638 3264 per
663 3202 700 3246 se
725 3187 833 3264 patet.
881 3181 933 3246 De
965 3183 1183 3264 lectionibus,
1219 3201 1307 3263 quas
1337 3163 1471 3245 Holder

100 3287 129 3349 in
150 3290 295 3353 alteram
324 3290 513 3354 editionem
538 3290 751 3355 Germaniae
777 3289 1172 3371 (Freiburg-Tubingen
1202 3295 1298 3370 1882)
1324 3290 1469 3370 recepit,

101 3381 247 3460 conferas
264 3415 450 3461 censuram
467 3417 489 3460 a
504 3397 741 3461 Helmreichio
759 3397 793 3459 in
811 3397 971 3460 Bursiani
994 3397 1180 3460 annalibus
1200 3403 1284 3462 1884
1301 3397 1334 3459 ΙΙ
1355 3415 1388 3477 p.
1410 3401 1471 3462 129

19 3495 20 3502 ’
102 3505 212 3569 actam.

175 3609 226 3672 Ex
250 3611 292 3673 iis
317 3629 408 3691 quae
438 3611 539 3673 attuli
568 3610 653 3673 satis
684 3610 768 3673 mihi
800 3629 975 3691 apparere
1000 3611 1149 3692 videtur,
1182 3629 1289 3691 quam
1319 3628 1472 3691 parvum

102 3710 220 3779 lucrum
238 3736 258 3780 e
279 3718 489 3782 lectionibus
510 3717 642 3781 codicis
663 3716 901 3780 Hummeliani
922 3719 1073 3799 propriis
1097 3718 1351 3799 percipiamus:
1378 3717 1472 3798 quod

103 3836 170 3883 cum
190 3824 241 3886 ita
264 3813 318 3905 sit,
344 3824 456 3888 codici
481 3823 728 3888 Hummeliano
751 3825 891 3887 omnino
912 3826 1047 3887 nullum
1063 3865 1106 3873 —
1124 3825 1261 3905 nedum,
1287 3829 1323 3887 ut
1339 3824 1473 3887 Holder

103 3929 132 3986 et
155 3927 385 3994 Baehrensius
413 3932 564 4012 primum
587 3972 630 3979 -
660 3933 776 3995 locum
811 3932 846 3993 in
880 3932 1098 3995 recensenda
1131 3931 1245 3995 Taciti
1280 3931 1472 3996 Germania

104 4039 290 4104 concedam.
