3688 5908
764 1553 986 1691 Caput
1031 1557 1329 1662 tertium.

380 1807 439 1874 De
463 1803 590 1872 Taciti
613 1803 847 1873 Germaniae
873 1803 1069 1870 codicibus
1092 1801 1323 1868 Monacensi
1347 1808 1384 1867 et
1408 1799 1723 1888 Stuttpartiensi.

447 2159 617 2224 Absoluta
644 2158 694 2221 ita
722 2157 857 2221 duobus
887 2156 1062 2238 capitibus
1092 2156 1389 2237 praecedentibus
1422 2156 1662 2238 disputatione
1703 2157 1751 2220 de

353 2265 500 2332 Holderi
525 2271 560 2329 et
583 2263 788 2329 Baehrensii
820 2263 993 2348 opinione,
1026 2280 1133 2344 quarn
1165 2263 1208 2327 de
1240 2263 1374 2344 origine
1404 2268 1439 2328 et
1456 2265 1580 2354 pretio
1606 2264 1752 2328 codicis

353 2372 592 2438 Hummeliani
614 2372 844 2454 protulerunt,
878 2376 913 2435 et
933 2370 1074 2434 adiecta
1094 2369 1318 2453 inquisitione
1335 2371 1370 2434 in
1388 2372 1620 2452 archetypum
1638 2370 1752 2434 huius

354 2479 486 2545 codicis
505 2479 546 2560 H,
564 2479 657 2560 quod
674 2477 773 2542 nobis
793 2478 935 2541 minime
951 2477 1140 2540 videbatur
1161 2494 1237 2540 esse
1255 2475 1505 2542 Germanicum
1526 2477 1623 2558 illud,
1646 2477 1749 2558 quod

354 2585 528 2651 Henochii
552 2587 616 2650 sub
640 2586 802 2649 manibus
825 2589 1006 2648 versatum
1034 2583 1088 2664 sit,
1114 2583 1158 2646 ad
1183 2584 1399 2664 propositum
1425 2584 1611 2648 redeamus
1636 2589 1673 2648 et
1701 2583 1748 2646 de

355 2693 467 2757 Taciti
495 2691 708 2758 Germaniae
732 2690 911 2756 codicibus
934 2690 1138 2755 Monacensi
1159 2690 1218 2774 (M)
1243 2696 1278 2754 et
1302 2691 1565 2772 stuttgartiensi
1583 2691 1631 2774 (S)
1657 2709 1746 2772 aga

354 2817 442 2865 mus.
495 2798 591 2880 Quos
625 2797 765 2863 codices
795 2797 927 2861 Holder
955 2815 1000 2861 ex
1031 2816 1099 2860 uno
1132 2797 1325 2879 eodemque
1357 2798 1553 2879 archetypo
1579 2838 1619 2845 -
1645 2797 1746 2879 quod

354 2907 475 2970 littera
494 2931 513 2994 y
529 2905 667 2968 notavit
683 2943 726 2952 -
741 2903 948 2985 profluxisse
973 2910 1009 2968 et
1033 2905 1121 2967 tanti
1146 2905 1250 2986 pretii
1274 2923 1350 2968 esse
1375 2905 1601 2984 existimavit,
1636 2909 1676 2967 ut
1702 2904 1747 2966 iis

355 3013 556 3096 proximum
579 3016 659 3094 post
682 3011 840 3076 codicem
863 3009 896 3074 H
920 3012 1036 3076 locum
1059 3011 1095 3073 in
1121 3015 1296 3092 apparatu
1320 3030 1382 3074 suo
1408 3011 1531 3075 critico
1556 3011 1743 3075 tribueret.

354 3119 566 3184 Accuratius
591 3118 633 3182 de
658 3118 788 3183 haere
813 3117 1048 3182 Baehrensius
1073 3117 1236 3181 disseruit
1256 3118 1291 3180 in
1308 3117 1530 3183 Fleckeiseni
1552 3118 1746 3182 annalibus

357 3231 458 3310 (1880
482 3243 514 3307 p.
541 3231 603 3292 265
629 3229 732 3307 sqq.):
766 3223 826 3306 qui
856 3224 924 3288 hoc
956 3223 1189 3305 archetypum
1213 3251 1231 3312 y
1254 3225 1289 3287 in
1318 3225 1424 3288 ltalia
1447 3243 1466 3288 e
1492 3224 1652 3289 codicum
1680 3223 1744 3290 OD

354 3350 486 3413 genere
511 3331 736 3414 exscriptum,
762 3331 889 3395 additis
913 3330 949 3394 in
972 3330 1132 3411 margine
1159 3331 1366 3395 lectionibus
1395 3331 1605 3413 quibusdam
1629 3331 1745 3395 variis

356 3439 516 3506 codicum
535 3439 595 3502 AB
612 3439 720 3520 Alpes
738 3443 994 3519 transgressum
1015 3442 1051 3500 et
1071 3439 1106 3499 in
1124 3436 1316 3502 Germania
1339 3438 1533 3524 secundum
1558 3437 1693 3504 codicis
1710 3436 1744 3501 H

354 3547 603 3612 auctoritatem
628 3550 826 3610 correctum
850 3562 926 3608 esse
950 3543 1112 3609 affirmat.
1138 3543 1254 3626 thue
1271 3546 1390 3627 plures
1406 3551 1487 3609 sunt
1503 3546 1614 3624 huius,
1632 3562 1744 3626 quam

357 3654 514 3718 tulerunt
548 3651 681 3716 Holder
716 3655 751 3716 et
782 3651 1026 3732 Baehrensius,
1062 3651 1260 3715 sententiae
1294 3658 1425 3733 partes
1462 3653 1512 3716 ita
1548 3651 1743 3734 disputatio

356 3777 496 3843 quoque
533 3765 654 3822 nostra
689 3777 708 3821 e
744 3759 981 3839 compluribus
1017 3758 1193 3822 constabit
1227 3759 1398 3840 partibus,
1436 3776 1586 3840 quarum
1623 3759 1744 3840 prima

356 3866 563 3948 inquiretur,
594 3871 709 3928 utrum
733 3883 777 3928 ex
803 3882 870 3927 uno
895 3864 1088 3945 eodemque
1115 3865 1309 3946 archetypo
1333 3865 1565 3947 profluxerint
1588 3884 1626 3930 re
1652 3884 1744 3930 vera

353 3974 388 4037 M
413 3976 448 4035 et
472 3971 493 4037 S
519 3991 641 4036 necne.
689 3972 744 4035 Ad
775 3989 880 4053 quam
911 3971 1172 4053 inquisitionem
1202 3973 1409 4053 priusquam
1440 3972 1663 4054 accedamus
1699 3974 1743 4037 de

354 4082 478 4144 horum
505 4078 666 4144 codicum
692 4079 814 4142 habitu
837 4081 943 4159 atque
967 4084 1095 4142 natura
1120 4097 1237 4160 pauca
1261 4086 1364 4143 erunt
1395 4079 1556 4159 dicenda,
1589 4097 1741 4161 quorum

354 4191 540 4268 utrumque
578 4193 615 4249 ut
653 4186 727 4268 ipse
766 4187 801 4249 in
846 4185 1059 4250 bibliotheca
1099 4185 1344 4267 Marpurgensi
1383 4187 1558 4268 inspicere
1597 4204 1741 4268 possem

354 4293 439 4358 mihi
471 4295 711 4359 munificentia
739 4306 774 4357 et
802 4293 1051 4357 benevolentia
1082 4293 1376 4357 bibliothecarum
1408 4311 1488 4357 cum
1516 4293 1743 4358 Monacensis

355 4407 391 4465 et
414 4399 696 4481 Stuttgartiensis
721 4405 793 4464 tum
818 4399 1080 4481 Marpurgensis
1105 4400 1262 4481 contigit.

1020 4612 1075 4680 M.

444 4771 563 4838 Codex
598 4773 647 4854 M,
684 4791 777 4837 nunc
816 4773 1037 4838 Monacensis
1062 4772 1208 4838 Latinus
1245 4779 1346 4853 5307,
1386 4774 1469 4837 olim
1509 4772 1741 4857 Ohiemensis,

356 4879 578 4954 chartaceus,
604 4880 761 4945 continet
784 4881 896 4962 primo
920 4881 998 4944 loco
1023 4879 1320 4944 commentarium
1342 4881 1377 4943 in
1394 4879 1589 4963 scripturas
1605 4899 1742 4964 sacras

354 4987 509 5052 secundo
527 4985 807 5068 Descriptionem
824 4992 941 5051 terrae
957 4993 1114 5068 sanctae,
1133 4986 1236 5051 tertio
1258 4988 1340 5052 inde
1360 5005 1381 5052 a
1400 4987 1483 5051 folio
1501 4993 1562 5055 153
1590 4985 1744 5074 Cornelij
