3688 5908
656 513 878 574 -19-

99 710 137 768 101
156 703 362 769 Germaniae
387 705 567 769 codicibus
593 710 628 768 et
651 703 777 785 priscis
805 703 1016 766 editionibus
1045 703 1276 784 exstantibus,
1311 720 1460 784 quorum

97 813 239 876 1601101166
263 813 351 876 satis
375 817 481 876 notae
505 828 579 890 non
600 815 690 891 sunt,
712 814 751 873 ut
773 809 815 874 de
836 810 878 873 iis
899 810 1048 874 iudicari
1069 811 1189 892 possit,
1211 828 1351 892 semper
1370 811 1462 892 peri-

97 919 227 984 culosum
248 924 315 1000 est,
337 919 504 982 artiorem
525 936 653 980 nexum
676 917 768 980 inter
789 916 875 979 duos
897 915 1110 980 Germaniae
1131 917 1272 989 00111066
1292 921 1461 999 statuere,

97 1027 147 1089 nisi
167 1027 213 1090 ita
236 1031 362 1108 aperte
388 1025 620 1103 consentiunt,
638 1028 676 1087 ut
691 1022 725 1086 H
741 1027 777 1087 et
797 1024 837 1086 V.
876 1022 1073 1104 Lectiones,
1099 1041 1187 1105 quas
1212 1029 1231 1092 d
1253 1043 1273 1088 e
1298 1024 1461 1088 codicum

98 1151 204 1214 genere
232 1133 293 1196 AB
326 1133 473 1214 recepit,
505 1137 731 1196 correcturae
765 1132 913 1196 alicuius
943 1132 1011 1193 viri
1045 1131 1153 1213 docti,
1186 1132 1243 1196 cui
1275 1134 1461 1214 exemplar

98 1241 178 1303 buius
199 1240 339 1320 generis
363 1243 505 1320 praesto
530 1243 617 1320 erat,
643 1238 764 1302 deberi
787 1256 852 1319 pro
877 1242 974 1302 06110
998 1239 1124 1303 habeo.
1171 1240 1331 1320 Vestigia
1359 1240 1463 1304 huius

99 1351 300 1411 correcturae
323 1347 365 1410 iis
389 1346 476 1410 locis
500 1346 600 1409 nobis
625 1345 742 1409 adhuc
765 1349 907 1427 praesto
936 1351 1027 1426 sunt,
1057 1347 1183 1427 quibus
1208 1345 1238 1408 V
1262 1347 1349 1411 facit
1380 1364 1461 1410 eum

99 1454 253 1518 codicibus
278 1453 350 1535 OD,
375 1458 501 1517 contra
524 1452 556 1514 H
581 1470 660 1516 cum
685 1451 744 1515 AB
769 1453 827 1534 (cf.
852 1452 1004 1516 indicem
1028 1453 1182 1533 paginae
1208 1456 1272 1534 16).

166 1595 203 1658 In
234 1595 351 1660 Taciti
384 1594 525 1674 dialogo
558 1632 602 1642 -
634 1594 693 1675 qui
732 1594 767 1656 in
808 1593 930 1657 codice
963 1593 995 1656 H
1028 1599 1191 1658 servatus
1229 1613 1298 1657 non
1332 1599 1386 1659 est
1418 1636 1462 1644 -

99 1700 288 1766 Vmaxime
325 1701 500 1766 consentit
535 1719 615 1764 cum
651 1700 773 1765 codice
805 1700 1041 1767 Ottoboniano
1073 1701 1137 1787 (Ε),
1171 1703 1230 1784 qui
1266 1703 1461 1767 secundum

101 1815 224 1872 stemma
247 1829 269 1872 a
292 1809 458 1874 Michaeli
481 1808 699 1889 propositum
724 1808 857 1890 etipse
881 1808 1013 1889 pendet
1037 1827 1056 1872 e
1080 1826 1211 1890 genere
1229 1807 1306 1873 OD:
1330 1809 1366 1873 id
1390 1810 1462 1873 iam

101 1911 229 1979 Huemer
262 1915 524 1995 animadvertit,
555 1914 711 1979 Scheuer
743 1933 830 1978 vero
862 1915 898 1978 in
932 1915 1178 1980 dissertatione
1202 1935 1311 1997 supra
1334 1921 1380 1999 (p.
1405 1921 1461 1998 tr)
1585 1997 1587 2004 Ι

103 2020 191 2085 allata
213 2006 453 2086 demonstrare
470 2022 588 2086 studet
604 2028 650 2105 (p.
667 2028 706 2088 12
724 2026 823 2104 sqq.),
841 2026 877 2085 et
891 2021 1155 2087 Vindobonensi
1171 2025 1206 2087 et
1222 2023 1461 2090 Ottoboniano

103 2145 261 2193 commune
296 2129 474 2211 quoddam
514 2129 621 2193 fuisse
657 2129 903 2211 archetypum.
950 2129 1150 2193 Dolendum
1189 2135 1252 2212 661,
1292 2129 1386 2211 quod
1425 2130 1462 2193 in

103 2232 312 2300 Ottoboniano
337 2238 397 2301 illo
422 2236 615 2302 Germania
639 2241 789 2300 exarata
814 2255 883 2299 non
908 2241 975 2316 est,
1000 2238 1051 2300 ita
1075 2244 1112 2300 ut
1135 2238 1170 2301 in
1195 2243 1315 2300 nostro
1340 2237 1461 2301 libello

103 2340 317 2407 demonstrare
342 2362 568 2425 nequeamus,
594 2349 613 2412 d
636 2349 672 2407 et
696 2343 829 2408 codicis
852 2343 880 2406 E
905 2344 1138 2426 archetypum
1162 2344 1279 2407 fuisse.

171 2484 353 2568 Postquam
378 2488 441 2550 tali
464 2487 567 2552 modo
592 2487 751 2552 codicem
775 2487 853 2555 din
877 2506 939 2551 6110
967 2489 1045 2552 1000
1074 2487 1268 2551 stemmatis
1297 2487 1461 2552 codicum

105 2587 300 2656 Taciteorum
322 2595 510 2675 posuimus
533 2594 685 2673 deloco,
708 2594 768 2675 qui
786 2594 818 2657 61
834 2594 870 2656 in
891 2594 1107 2658 restituendo
1124 2593 1338 2658 Germaniae
1361 2597 1461 2658 textu

105 2697 281 2764 tribuendus
305 2701 360 2782 sit,
385 2701 504 2764 brevis
528 2719 604 2764 esse
628 2719 788 2782 possum:
813 2701 976 2781 quamvis
1000 2701 1093 2764 enim
1111 2741 1150 2748 -
1169 2707 1207 2764 ut
1231 2700 1345 2784 codex
1369 2700 1402 2764 H
1420 2739 1463 2748 -

104 2803 194 2881 primo
224 2807 344 2871 obtutu
374 2807 529 2871 melioris
560 2809 711 2871 fortasse
743 2811 849 2871 notae
877 2807 1042 2871 videatur
1072 2825 1159 2888 esse,
1188 2813 1306 2871 tamen
1332 2788 1463 2871 rever'a

105 2907 248 2975 italorum
270 2914 482 2979 correcturis
507 2914 813 2978 emendationibus
837 2914 1166 2995 interpolationibus
1196 2915 1284 2978 adeo
1310 2916 1461 2996 laborat,

104 3019 133 3077 ut
150 3018 177 3080 ei
197 3019 231 3082 in
253 3025 427 3102 apparatu
451 3021 574 3085 critico
599 3019 812 3085 Germaniae
833 3021 942 3084 textui
971 3020 1170 3084 adhibendo
1192 3022 1328 3085 nullum
1343 3002 1463 3086 locur‘r'r

106 3122 243 3190 tribuam.
