3688 5908
927 549 968 556 -
1018 518 1080 579 108
1119 551 1168 576 .-

441 707 606 772 Exaratis
642 708 692 770 ita
727 706 976 770 collationibus
1012 726 1082 771 una
1117 708 1235 773 adhuc
1274 726 1330 772 res
1365 709 1521 790 impedit,
1556 711 1775 791 quominus

282 861 288 878 ,
352 817 470 881 statim
496 816 542 880 ad
562 817 716 897 ipsorum
739 814 901 878 codicum
922 816 1057 879 indoles
1078 817 1169 879 inter
1190 835 1227 880 se
1250 818 1484 881 conferendas
1501 822 1773 881 transeamus:

354 942 435 988 nam
460 924 580 987 varias
604 937 828 988 correcturas
852 924 946 1004 passi
971 928 1052 987 sunt
1076 924 1109 986 M
1134 931 1169 987 et
1195 925 1217 988 S
1243 924 1464 1006 primumque
1489 924 1771 1006 disputandum

353 1031 429 1111 erit,
455 1048 632 1111 quaenam
655 1029 742 1093 fides
766 1029 819 1092 his
843 1030 887 1092 sit
911 1030 1086 1095 habenda.
1134 1031 1256 1112 Neque
1288 1032 1437 1094 multum
1469 1032 1657 1096 dicendum
1692 1035 1770 1096 est

353 1115 396 1201 de
421 1137 543 1201 codice
567 1135 618 1215 M;
648 1154 889 1217 quascumque
914 1137 1006 1200 enim
1031 1144 1255 1202 correcturas
1283 1138 1436 1215 exhibet,
1466 1145 1633 1201 exaratas
1663 1156 1767 1202 esse

354 1246 399 1309 ab
433 1244 589 1308 eiusdem
622 1244 757 1307 librarii
793 1262 914 1323 manu,
951 1245 1010 1325 qni
1039 1245 1151 1326 ipsum
1182 1250 1386 1310 contextum
1410 1246 1629 1326 conscripsit,
1655 1245 1766 1308 mihi

352 1369 560 1433 persuasum
592 1355 659 1414 est:
693 1350 752 1431 qui
783 1350 990 1431 plerumque
1020 1351 1091 1414 iam
1122 1352 1212 1415 inter
1244 1352 1433 1417 scribenda
1460 1353 1573 1416 verba
1600 1370 1764 1415 errasse

352 1476 389 1522 se
417 1458 592 1521 intellexit
627 1457 848 1537 mutavitque
879 1457 1049 1521 mutanda
1084 1465 1293 1539 atramento,
1324 1459 1511 1522 nonnullas
1545 1476 1628 1521 vero
1667 1477 1762 1522 cor-

351 1569 512 1629 recturas
537 1565 634 1627 finito
660 1563 759 1642 libro,
782 1580 861 1626 cum
889 1564 1027 1627 titulum
1054 1570 1089 1628 et
1116 1567 1253 1629 litteras
1279 1584 1367 1647 quas
1389 1583 1559 1629 vocamus
1584 1564 1759 1628 initiales

351 1672 458 1735 minio
483 1672 655 1753 pingeret,
680 1671 715 1731 in
740 1670 921 1750 religendo
946 1671 1036 1735 libro
1060 1674 1199 1736 notavit
1222 1673 1340 1738 minio,
1383 1672 1489 1736 Cuius
1513 1673 1756 1752 correcturiS,

353 1795 433 1842 cnm
459 1777 645 1841 admodum
671 1777 849 1858 simplices
873 1779 942 1841 sint
967 1784 1002 1842 et
1026 1778 1233 1860 plerumque
1250 1781 1439 1844 verborum
1465 1796 1640 1842 conexum
1665 1796 1758 1843 cor-

352 1885 493 1966 ruptela
509 1884 630 1965 aliqua
646 1883 800 1947 deletum
818 1886 1015 1965 restituant,
1033 1886 1183 1949 eandem
1201 1887 1447 1950 anctoritatem
1466 1903 1571 1967 quam
1594 1885 1756 1967 reliquis

351 1991 484 2056 codicis
508 1991 718 2055 lectionibus
742 1990 874 2054 habere
899 1991 1028 2055 licebit.
1048 1991 1227 2072 —Longe
1252 1993 1324 2056 alia
1348 2011 1462 2074 neque
1487 1997 1559 2055 tam
1583 1992 1751 2073 simplex

351 2116 408 2161 res
436 2101 490 2160 est
518 2098 551 2159 in
582 2096 704 2160 codice
728 2096 760 2160 S.
809 2096 877 2177 Qui
906 2096 1019 2161 codex
1048 2116 1071 2160 a
1094 2116 1163 2179 quo
1188 2099 1332 2162 librario
1356 2098 1577 2180 conscriptus
1601 2104 1663 2178 est,
1692 2099 1748 2163 ab

352 2204 476 2269 eodem
502 2211 743 2268 correcturam
767 2221 906 2284 quoqne
930 2222 1055 2284 passus
1080 2210 1133 2267 est
1157 2206 1370 2284 continuam,
1395 2223 1497 2286 quae,
1520 2209 1557 2267 ut
1578 2223 1597 2266 e
1619 2204 1752 2268 lectio-

352 2311 454 2376 nibus
471 2312 504 2372 in
523 2311 769 2375 collationibus
791 2312 918 2373 nostris
935 2318 1019 2374 nota
1035 2311 1069 2394 81
1090 2313 1224 2375 ornatis
1241 2315 1401 2393 apparet,
1419 2316 1480 2374 aut
1496 2311 1747 2392 corruptelam

351 2420 505 2501 aliquam
538 2420 747 2500 corrigendo
778 2419 835 2482 vel
866 2419 1113 2500 interpolando
1145 2424 1266 2482 natam
1297 2419 1332 2480 in
1364 2419 1513 2481 formam
1544 2417 1747 2498 genuinam

350 2526 515 2606 redigunt
536 2531 598 2589 aut
618 2533 653 2589 et
674 2527 772 2607 ipsae
796 2525 1042 2606 interpolando
1066 2525 1218 2590 student.
1245 2525 1341 2606 Quas
1365 2529 1589 2589 correcturas
1613 2542 1744 2588 omnes

350 2652 394 2696 ex
427 2633 549 2696 ordine
585 2637 730 2695 enotare
766 2632 883 2712 nolim,
918 2650 960 2694 ne
994 2632 1095 2694 nimis
1127 2632 1232 2713 spatii
1264 2632 1360 2694 inre
1390 2631 1535 2694 minoris
1567 2631 1745 2694 momenti

351 2758 554 2805 consumam
590 2739 781 2820 relegoque
817 2742 1006 2819 propterea
1038 2737 1206 2802 lectorem
1240 2737 1286 2801 ad
1313 2737 1532 2816 collationes
1561 2755 1580 2800 e
1608 2736 1744 2817 quibus

353 2851 553 2927 cognoscet,
578 2846 706 2908 multas
731 2864 799 2907 non
822 2863 897 2907 esse
919 2844 1100 2925 lectiones,
1123 2862 1214 2924 quae
1236 2848 1473 2908 correctorem
1490 2848 1648 2906 nostrum
1665 2843 1744 2906 alio

352 2955 448 3016 fonte
485 2971 589 3033 quam
626 2952 820 3033 archetypo
854 2957 889 3014 et
921 2951 1098 3031 ingeniolo
1132 2970 1194 3014 suo
1228 2969 1328 3014 usum
1364 2969 1440 3013 esse
1477 2949 1745 3014 demonstrent:

352 3060 510 3140 excipias
535 3078 613 3140 cap.
631 3059 826 3138 XXVIlH,
852 3060 909 3122 ubi
934 3058 957 3122 S
981 3077 1062 3122 cum
1087 3058 1268 3122 codicibus
1292 3057 1352 3122 OD
1377 3057 1521 3121 exhibet
1545 3064 1741 3136 auctorum,

351 3165 386 3248 Sl
413 3183 494 3229 cum
525 3165 705 3230 codicibus
730 3165 789 3228 AB
818 3166 863 3228 ol.
888 3171 989 3228 autor
1014 3165 1050 3226 in
1074 3181 1136 3241 m.;
1170 3164 1299 3226 addam
1328 3163 1515 3226 nonnullos
1543 3163 1650 3241 locos
1675 3163 1743 3227 ubi

353 3277 475 3353 aperte
500 3289 562 3334 suo
587 3271 700 3334 Marte
726 3271 870 3351 corrigit
893 3270 946 3354 S,:

481 3476 559 3538 cap.
584 3458 617 3520 II
629 3465 667 3520 15
715 3463 735 3522 S
829 3463 1006 3536 irtpuenoues
1153 3463 1184 3540 81
1206 3464 1379 3537 inpranorws
1397 3462 1440 3536 (L.
1458 3462 1538 3537 vulg.
1553 3461 1744 3538 inqccmnes)

629 3572 666 3627 lt
716 3564 797 3628 Snv.
831 3570 881 3626 (teu
1152 3569 1182 3646 81
1202 3569 1238 3626 ul.
1255 3569 1321 3626 deos
1336 3569 1353 3626 i.
1369 3588 1407 3627 m.

535 3670 618 3733 VIII
651 3679 669 3734 8
717 3676 737 3734 S
830 3677 916 3732 srd’nr
1151 3676 1184 3753 Sl
1203 3676 1273 3734 aclm
1290 3676 1422 3754 i.1n.(S²
1440 3676 1591 3750 Lusctrn)

548 3777 617 3840 XII
652 3785 667 3840 1
717 3783 795 3842 Snv.
834 3802 945 3858 qnoque
1154 3783 1185 3860 S¹
1205 3783 1242 3841 ul.
1259 3802 1399 3858 quemque
1415 3784 1433 3842 i.
1450 3803 1488 3842 m.

496 3883 617 3946 XXIII
653 3891 666 3946 1
717 3889 796 3947 SLv.
834 3889 984 3962 srrnnento
1152 3889 1184 3966 81
1203 3889 1353 3963 [nutricatu

446 3989 617 4053 XXXVII
630 3998 669 4054 13
717 3996 796 4054 SLr.
834 3996 950 4052 sarrinia
1154 3995 1186 4073 81
1205 3996 1312 4052 sarrana

553 4095 617 4158 XL
651 4101 667 4161 7
716 4101 736 4160 8
832 4120 958 4157 nnrnnne
1152 4101 1184 4179 81
1205 4102 1336 4159 inornate
1359 4101 1459 4178 (aba
1482 4102 1517 4159 in
1539 4101 1707 4174 martianae)

442 4319 610 4400 Exceptis
640 4319 694 4382 bis
723 4319 810 4382 locis
835 4318 989 4399 reliquas
1013 4337 1139 4382 manus
1163 4320 1197 4402 81
1225 4325 1448 4383 correcturas
1472 4337 1516 4382 ex
1541 4317 1743 4399 archetypo

354 4425 486 4490 codicis
510 4425 532 4490 S
557 4425 727 4489 deductas
751 4444 827 4488 esse
850 4426 1061 4505 putaverim.
1109 4427 1164 4490 Ab
1189 4425 1313 4489 cadem
1337 4443 1444 4488 manu
1469 4425 1576 4487 etiam
1601 4425 1746 4491 scholia

355 4533 568 4613 marginalia
592 4543 742 4594 exarata
765 4550 841 4594 esse
865 4550 973 4612 supra
996 4537 1042 4612 (p.
1069 4538 1123 4612 83)
1147 4533 1353 4596 monuimus.

442 4691 510 4756 Sed
534 4702 677 4772 praeter
701 4690 794 4753 hanc
818 4698 1058 4754 correcturam
1083 4709 1207 4770 passus
1231 4697 1284 4754 est
1307 4691 1421 4755 codex
1446 4697 1565 4754 noster
1587 4693 1744 4757 alteram

354 4815 376 4860 a
392 4814 499 4860 mann
516 4797 712 4860 recentiore
730 4795 777 4878 S„
795 4795 838 4859 de
855 4814 926 4876 qua
942 4798 1012 4860 iam
1029 4797 1269 4879 compluribus
1286 4799 1373 4862 locis
1387 4805 1434 4880 (p.
1448 4805 1500 4864 24.
1514 4803 1569 4880 83)
1587 4799 1744 4879 egimus:

355 4921 449 4967 nunc
482 4903 552 4966 iam
584 4903 826 4983 quaestionem
859 4902 902 4966 de
935 4903 1004 4967 hac
1034 4922 1141 4967 manu
1173 4904 1219 4967 ad
1249 4906 1354 4969 finem
1383 4905 1531 4987 perduci
1558 4923 1647 4988 opus
1676 4913 1745 4974 est.

355 5009 478 5088 Locos,
503 5007 561 5071 ubi
585 5008 684 5071 istius
707 5027 832 5072 manus
856 5022 1082 5074 correcturae
1111 5011 1337 5074 consentiunt
1367 5031 1447 5076 cum
1478 5013 1602 5078 codice
1631 5012 1675 5094 H,
1705 5015 1745 5079 in
