3682 5912
930 540 1150 602 „34-

436 731 634 813 Repudiato
659 731 709 793 ita
733 749 858 794 manus
879 733 913 813 S,
941 729 1072 794 auxilio
1097 731 1132 792 in
1156 729 1381 793 restituendis
1405 729 1538 794 codicis
1559 727 1592 791 H
1616 730 1736 795 lectio-

349 842 462 921 nibus,
483 843 555 903 1166
576 839 659 901 illae
681 838 887 901 collationes
904 836 1093 900 Hummelii
1109 836 1271 917 Longolii
1287 836 1445 917 Sellingii
1468 837 1569 901 nobis
1585 841 1732 918 restant,

349 949 475 1029 quibus
503 947 606 1010 nixus
636 945 794 1010 codicem
823 943 1107 1007 Hummelianum
1131 943 1387 1008 reconcinnare
1418 961 1527 1025 snpra
1551 945 1735 1025 temptavi.

350 1057 465 1136 Atque
489 1054 560 1116 iarn
584 1053 618 1114 in
644 1052 685 1114 iis
710 1069 801 1131 quae
826 1055 1017 1132 sequentur
1042 1051 1201 1132 opusculi
1225 1052 1385 1132 partibus
1409 1070 1454 1115 ex
1479 1052 1548 1116 hac
1568 1069 1650 1115 mea
1666 1053 1737 1117 col-

350 1162 520 1226 lationum
557 1158 809 1239 compositione
837 1157 996 1238 proferre
1025 1157 1194 1221 lectiones
1224 1157 1355 1222 codicis
1383 1157 1622 1222 Hummelinni
1650 1159 1738 1222 mihi

350 1270 466 1334 liceat.
515 1265 640 1329 Differt
673 1266 718 1327 ab
750 1283 793 1327 ea
824 1264 968 1328 Holderi
1000 1265 1173 1328 restitutio
1205 1265 1355 1346 primum
1387 1283 1443 1344 66,
1476 1265 1570 1345 quod
1600 1265 1737 1329 Holder

350 1374 537 1440 nonnullas
573 1372 742 1436 lectiones
778 1371 812 1453 S,
850 1389 974 1434 manus
1007 1389 1071 1452 pro
1104 1371 1266 1451 genuinis
1300 1371 1510 1435 lectionibus
1543 1372 1677 1436 codicis
1699 1371 1736 1436 H

350 1481 500 1562 accepit,
534 1479 627 1560 quod
661 1496 726 1557 ego
761 1478 931 1541 audacius
964 1479 1097 1542 factum
1131 1496 1207 1541 esse
1242 1478 1491 1553 demonstravi,
1525 1479 1652 1542 deinde
1683 1497 1737 1560 6ο,

351 1588 443 1670 quod
467 1587 600 1651 Holder
633 1591 772 1649 centnm
806 1586 880 1648 1616
912 1585 998 1648 16016
1023 1584 1135 1650 codici
1161 1585 1192 1648 H
1217 1585 1404 1650 lectionem
1429 1586 1587 1668 aliquam
1611 1586 1735 1650 tribuit

352 1695 493 1759 testium
523 1693 671 1770 silentio,
697 1699 734 1753 ut
761 1691 913 1771 ridetur,
947 1699 1159 1755 commotus:
1191 1710 1257 1772 ego
1283 1692 1423 1773 quidem
1448 1693 1537 1756 tales
1561 1693 1736 1758 lectiones

350 1819 465 1882 neque
497 1801 531 1862 in
564 1800 675 1861 tribus
708 1798 775 1860 illis
807 1798 1053 1861 collationibus
1085 1817 1199 1879 neque
1232 1799 1268 1861 in
1296 1799 1508 1863 correcturis
1534 1797 1569 1882 S,
1595 1799 1736 1880 inveni3

352 1907 565 1972 concludere
596 1914 713 1968 antem
742 1905 923 1967 esilentio
955 1905 1017 1967 tali
1047 1905 1082 1967 in
1111 1923 1149 1968 16
1182 1905 1378 1969 difficiliore
1410 1906 1582 1969 incertum
1615 1910 1670 1969 est
1700 1911 1739 1969 61

349 2014 533 2091 lubricum,
559 2030 669 2092 quare
694 2029 759 2091 ego
785 2030 845 2074 eas
870 2012 1039 2075 lectiones
1063 2031 1131 2074 non
1156 2013 1293 2093 recepi;
1319 2017 1391 2076 tum
1417 2013 1575 2094 eoquod
1601 2012 1737 2076 Holder

350 2122 453 2185 modo
478 2120 571 2183 hanc
596 2119 698 2181 modo
722 2119 819 2181 illam
845 2119 1031 2183 lectionem
1057 2121 1177 2200 elegit,
1203 2138 1309 2200 quam
1334 2120 1515 2184 nobiscum
1545 2120 1738 2184 communi-

351 2233 459 2307 caret,
478 2244 592 2306 neque
609 2227 668 2302 ita,
683 2231 720 2288 ut
737 2227 919 2306 rationem,
937 2226 1130 2290 secundum
1148 2244 1253 2307 quam
1268 2227 1442 2290 delectum
1459 2245 1559 2290 suum
1574 2226 1737 2306 instituit,

350 2352 493 2417 prorsus
517 2333 669 2414 probare
694 2333 837 2413 possim:
861 2351 970 2413 qnare
993 2351 1113 2395 omnes
1135 2332 1304 2396 lectiones
1321 2332 1452 2396 codicis
1470 2331 1511 2412 H,
1530 2351 1618 2414 quas
1636 2333 1739 2396 nobis

350 2446 586 2506 servaverunt
610 2439 828 2502 llummclins
852 2439 1043 2518 Longolius
1068 2439 1266 2520 Sellingius,
1298 2440 1334 2501 in
1363 2439 1515 2503 indicem
1544 2458 1661 2503 meum
1687 2441 1740 2502 in-

351 2548 485 2629 scripsi.
503 2545 664 2626 -Quae
682 2546 715 2608 in
734 2546 880 2624 singulis
893 2546 1117 2610 Woelfflinus
1141 2546 1275 2609 monuit
1292 2545 1335 2609 de
1352 2545 1497 2609 Holderi
1515 2547 1738 2611 restitutione

352 2655 411 2734 (ad
433 2672 510 2734 cap.
534 2655 549 2717 1
576 2652 1049 2737 1111116616,1111616110116,
1076 2652 1135 2715 Xd
1161 2659 1279 2732 tenent,
1305 2651 1449 2716 XVIIIa
1476 2653 1640 2741 ambiunt)
1667 2654 1739 2718 Sel-

351 2762 450 2841 lingii
479 2761 668 2824 collatione
697 2798 740 2807 -
769 2777 859 2839 quae
884 2759 1088 2823 Woelti'lino
1117 2765 1259 2841 praesto
1289 2761 1394 2823 1111666
1427 2778 1496 2822 11611
1526 2760 1667 2823 videtur
1694 2799 1739 2808 —

352 2868 438 2931 satis
464 2867 688 2947 explicantur
717 2874 751 2927 et
776 2871 1000 2928 excusantur.
1017 2904 1060 2912 -
1078 2866 1158 2928 1112
1184 2867 1431 2948 116166601116
1456 2865 1492 2946 O,
1517 2868 1680 2931 oistonenr
1705 2865 1739 2930 H

352 2974 544 3038 secundum
577 2972 784 3052 Longolinm
817 2978 852 3034 et
882 2971 1100 3053 Sellingium)
1134 2991 1213 3035 cum
1234 2973 1438 3036 Woelfflino
1468 2973 1582 3038 codici
1617 2978 1738 3036 nostro

350 3100 419 3144 non
445 3081 569 3142 tribuo.

1515 3161 1528 3190 Ι

439 3223 501 3286 Η16
526 3224 630 3286 rebus
661 3223 829 3303 expositis
862 3222 904 3285 de
937 3222 1053 3302 priore
1085 3227 1187 3303 parto
1219 3224 1347 3304 capitis
1382 3225 1495 3305 primi,
1531 3224 1566 3286 id
1602 3229 1656 3287 est
1693 3224 1738 3287 de

350 3330 566 3394 restituendo
592 3329 713 3394 codice
738 3329 994 3408 Hummeliano,
1021 3334 1137 3392 actum
1169 3348 1245 3392 esse
1274 3335 1368 3411 puto.
1405 3330 1629 3395 Accedamus
1653 3332 1736 3411 iarn,

350 3439 377 3500 61
392 3438 521 3519 placet,
540 3436 583 3499 ad
602 3437 751 3499 alteram
770 3441 905 3517 partem
924 3441 958 3499 61
976 3454 1198 3517 quaeramus,
1213 3447 1328 3500 utrum
1342 3439 1454 3502 codex
1468 3438 1739 3502 Hummelianus

351 3563 395 3607 ex
413 3543 619 3625 apographo
638 3543 867 3606 Henoclriano
885 3543 1040 3623 pendeat
1056 3561 1102 3605 an
1120 3549 1219 3608 recta
1235 3543 1296 3606 via
1313 3544 1535 3608 descenderit
1552 3563 1596 3608 ex
1614 3546 1738 3611 arche-

351 3657 435 3732 typo
460 3650 519 3712 illo
545 3649 756 3714 Germanico
782 3649 947 3712 Fuldensi
964 3650 1040 3713 sive
1057 3649 1307 3714 Hersfeldensi.
1333 3651 1401 3716 Sed
1418 3643 1624 3733 priusquam
1642 3653 1739 3717 hanc

351 3757 591 3838 quaestionem
617 3756 755 3818 6611616
776 3774 954 3834 0611611161,
972 3763 1135 3820 constare
1157 3758 1248 3820 inter
1273 3776 1336 3821 nos
1364 3777 1451 3840 opus
1473 3765 1536 3839 est,
1559 3777 1739 3840 quaenam

349 3864 518 3927 lectiones
543 3861 722 3926 codicisH
748 3881 792 3924 cx
817 3862 876 3925 illo
901 3862 1107 3943 archetype,
1129 3881 1303 3943 quaenam
1326 3883 1370 3928 ex
1387 3865 1456 3928 alio
1473 3866 1622 3928 fortasse
1640 3866 1740 3930 161116

349 3969 589 4033 11161161611111;
612 3968 798 4033 dicendum
816 3969 908 4030 enirn
926 3969 992 4032 6111
1010 3969 1052 4032 de
1070 3969 1192 4033 codice
1208 3969 1454 4034 Hummeliano
1472 3976 1508 4035 et
1524 3973 1740 4037 correcturis

352 4078 436 4140 eius.
476 4075 596 4142 Codici
614 4075 645 4138 H
668 4076 848 4155 1116161111,
873 4075 967 4156 quod
988 4075 1165 4156 plerisque
1187 4082 1383 4140 nostrorum
1406 4078 1567 4144 codicum
1590 4080 1738 4143 accidit:
1837 4057 1838 4086 ἒ

350 4201 433 4246 116111
457 4183 606 4265 primum
632 4183 667 4244 in
696 4181 882 4245 scribendo
911 4181 987 4244 sive
1016 4182 1174 4262 perfecto
1204 4182 1306 4245 modo
1336 4202 1442 4264 opere
1472 4190 1653 4250 correctus
1684 4189 1739 4250 est

351 4291 496 4371 abipso
522 4291 676 4369 librario,
703 4290 760 4370 qui
786 4294 894 4351 toturn
922 4289 1078 4353 codicem
1105 4291 1279 4370 exaravit,
1305 4309 1409 4372 quem
1430 4291 1494 4355 has
1512 4299 1739 4356 correcturas

353 4398 493 4459 omnino
518 4397 564 4460 ad
589 4397 772 4477 archetypi
799 4396 902 4458 tidem
927 4396 1052 4459 1601666
1077 4396 1154 4458 veri
1178 4397 1291 4460 61111116
1320 4403 1389 4461 661;
1420 4399 1470 4461 ita
1500 4403 1537 4461 ut
1565 4398 1632 4461 hae
1663 4415 1740 4462 cor-

352 4508 514 4566 recturae
549 4503 642 4565 idem
679 4503 825 4566 valeant
861 4507 967 4583 atque
1009 4507 1150 4566 ceterae
1191 4503 1360 4568 lectiones
1400 4505 1508 4586 ipsius
1545 4506 1737 4568 verborum

351 4615 546 4674 contextus.
584 4610 762 4672 Interdum
788 4609 965 4671 tamenin
992 4609 1201 4688 corrigendo
1225 4629 1290 4673 sua
1313 4615 1438 4692 sponte
1464 4615 1633 4674 novatum
1659 4628 1738 4676 esse

350 4733 372 4778 a
393 4733 500 4778 manu
521 4715 554 4779 H
575 4720 739 4797 apparet;
762 4715 811 4777 ita
832 4714 947 4794 XIVt,
977 4714 1035 4778 ubi
1064 4732 1128 4795 pro
1155 4717 1368 4797 superstitem
1390 4718 1546 4802 principi
1574 4719 1738 4800 primitus

350 4822 542 4903 scripserat
579 4823 791 4906 superstitem
830 4823 994 4904 principe,
1034 4822 1116 4886 huic
1157 4823 1234 4887 1606
1270 4824 1320 4887 116
1358 4825 1492 4889 mederi
1530 4827 1659 4907 studet,
1703 4829 1738 4890 ut

350 4930 528 5012 superstite
539 4931 698 5012 principe
715 4928 888 5009 emendet,
907 4946 1013 5008 quam
1030 4939 1271 4993 correcturum
1289 4949 1359 4994 non
1382 4950 1428 4996 ex
1452 4933 1649 5015 archetypo
1676 4933 1737 4998 sed

350 5053 396 5098 ex
424 5036 532 5116 ipsius
560 5036 693 5100 librarii
725 5035 864 5116 ingenio
893 5034 1064 5115 prodiisse
1093 5041 1254 5115 apparet.
1301 5037 1420 5101 Simile
1449 5039 1532 5120 quid
1558 5039 1735 5104 accidisse
