<?xml version="1.0" encoding="UTF-8"?>
<!DOCTYPE html PUBLIC "-//W3C//DTD XHTML 1.0 Transitional//EN"
    "http://www.w3.org/TR/xhtml1/DTD/xhtml1-transitional.dtd">
<html xmlns="http://www.w3.org/1999/xhtml" xml:lang="en" lang="en">
 <head>
  <title>
</title>
<meta http-equiv="Content-Type" content="text/html;charset=utf-8" />
  <meta name='ocr-system' content='tesseract 3.04.00' />
  <meta name='ocr-capabilities' content='ocr_page ocr_carea ocr_par ocr_line ocrx_word'/>
</head>
<body>
  <div class='ocr_page' id='page_1' title='image "./detacitigermani00wuengoog_0048.png"; bbox 0 0 3682 5912; ppageno 0'>
   <div class='ocr_carea' id='block_1_1' title="bbox 672 541 892 601">
    <p class='ocr_par' dir='ltr' id='par_1_1' title="bbox 672 541 892 601">
     <span class='ocr_line' id='line_1_1' title="bbox 672 541 892 601; baseline 0 -17"><span class='ocrx_word' id='word_1_1' title='bbox 672 541 892 601; x_wconf 57' lang='lat'>„41-</span> 
     </span>
    </p>
   </div>
   <div class='ocr_carea' id='block_1_2' title="bbox 95 733 1433 1118">
    <p class='ocr_par' dir='ltr' id='par_1_2' title="bbox 95 733 1433 1118">
     <span class='ocr_line' id='line_1_2' title="bbox 127 733 1433 816; baseline 0.004 -22"><span class='ocrx_word' id='word_1_2' title='bbox 127 733 302 796; x_wconf 87' lang='grc'>111111113</span> <span class='ocrx_word' id='word_1_3' title='bbox 338 738 367 796; x_wconf 93' lang='lat' dir='ltr'>H</span> <span class='ocrx_word' id='word_1_4' title='bbox 412 743 522 795; x_wconf 81' lang='lat' dir='ltr'>mente:</span> <span class='ocrx_word' id='word_1_5' title='bbox 546 738 648 795; x_wconf 82' lang='lat' dir='ltr'>animo</span> <span class='ocrx_word' id='word_1_6' title='bbox 672 738 816 814; x_wconf 74' lang='lat' dir='ltr'>(muniente</span> <span class='ocrx_word' id='word_1_7' title='bbox 840 738 924 813; x_wconf 88' lang='lat' dir='ltr'>corr.)</span> <span class='ocrx_word' id='word_1_8' title='bbox 1059 739 1135 798; x_wconf 63' lang='grc'>111.</span> <span class='ocrx_word' id='word_1_9' title='bbox 1159 746 1252 797; x_wconf 73' lang='lat' dir='ltr'>inclite</span> <span class='ocrx_word' id='word_1_10' title='bbox 1275 743 1433 816; x_wconf 65' lang='lat' dir='ltr'>treciumque</span> 
     </span>
     <span class='ocr_line' id='line_1_3' title="bbox 147 839 1252 905; baseline 0.002 -3"><span class='ocrx_word' id='word_1_11' title='bbox 147 839 255 902; x_wconf 85' lang='lat' dir='ltr'>XXX</span> <span class='ocrx_word' id='word_1_12' title='bbox 286 847 302 904; x_wconf 75' lang='lat'>7</span> <span class='ocrx_word' id='word_1_13' title='bbox 411 844 523 902; x_wconf 73' lang='lat' dir='ltr'>ultiniis</span> <span class='ocrx_word' id='word_1_14' title='bbox 1155 849 1252 905; x_wconf 75' lang='lat' dir='ltr'>unlnui</span> 
     </span>
     <span class='ocr_line' id='line_1_4' title="bbox 261 952 1220 1025; baseline 0.001 -16"><span class='ocrx_word' id='word_1_15' title='bbox 261 955 299 1010; x_wconf 83' lang='grc'>16</span> <span class='ocrx_word' id='word_1_16' title='bbox 407 971 474 1008; x_wconf 79' lang='lat' dir='ltr'>roro</span> <span class='ocrx_word' id='word_1_17' title='bbox 494 952 542 1025; x_wconf 88' lang='lat' dir='ltr'>(D)</span> <span class='ocrx_word' id='word_1_18' title='bbox 1156 955 1220 1010; x_wconf 78' lang='lat' dir='ltr'>ruri</span> 
     </span>
     <span class='ocr_line' id='line_1_5' title="bbox 95 1052 1233 1118; baseline 0.003 -3"><span class='ocrx_word' id='word_1_19' title='bbox 95 1052 256 1116; x_wconf 83' lang='lat' dir='ltr'>XXXIX</span> <span class='ocrx_word' id='word_1_20' title='bbox 286 1061 304 1117; x_wconf 87' lang='lat'><strong>3</strong></span> <span class='ocrx_word' id='word_1_21' title='bbox 411 1064 517 1115; x_wconf 71' lang='lat' dir='ltr'>sitetuto</span> <span class='ocrx_word' id='word_1_22' title='bbox 1159 1067 1233 1118; x_wconf 82' lang='lat' dir='ltr'>stulu</span> 
     </span>
    </p>
   </div>
   <div class='ocr_carea' id='block_1_3' title="bbox 88 1266 1481 4219">
    <p class='ocr_par' dir='ltr' id='par_1_3' title="bbox 88 1266 1481 4219">
     <span class='ocr_line' id='line_1_6' title="bbox 178 1266 1478 1350; baseline 0.002 -20"><span class='ocrx_word' id='word_1_23' title='bbox 178 1266 379 1348; x_wconf 82' lang='lat' dir='ltr'>Sequuntur</span> <span class='ocrx_word' id='word_1_24' title='bbox 404 1285 468 1329; x_wconf 87' lang='lat' dir='ltr'>eae</span> <span class='ocrx_word' id='word_1_25' title='bbox 493 1266 663 1329; x_wconf 89' lang='lat' dir='ltr'>lectiones</span> <span class='ocrx_word' id='word_1_26' title='bbox 687 1267 722 1328; x_wconf 92' lang='lat' dir='ltr'>in</span> <span class='ocrx_word' id='word_1_27' title='bbox 744 1266 866 1330; x_wconf 90' lang='lat' dir='ltr'>codice</span> <span class='ocrx_word' id='word_1_28' title='bbox 884 1266 915 1328; x_wconf 94' lang='lat' dir='ltr'>H</span> <span class='ocrx_word' id='word_1_29' title='bbox 936 1273 1127 1346; x_wconf 85' lang='lat' dir='ltr'>exstantes,</span> <span class='ocrx_word' id='word_1_30' title='bbox 1150 1286 1241 1348; x_wconf 87' lang='lat' dir='ltr'>quae</span> <span class='ocrx_word' id='word_1_31' title='bbox 1263 1271 1359 1332; x_wconf 95' lang='lat' dir='ltr'>nullo</span> <span class='ocrx_word' id='word_1_32' title='bbox 1377 1272 1478 1350; x_wconf 86' lang='lat' dir='ltr'>signo</span> 
     </span>
     <span class='ocr_line' id='line_1_7' title="bbox 88 1373 1478 1455; baseline 0.003 -19"><span class='ocrx_word' id='word_1_33' title='bbox 88 1376 275 1438; x_wconf 85' lang='lat' dir='ltr'>manifesto</span> <span class='ocrx_word' id='word_1_34' title='bbox 300 1394 338 1436; x_wconf 86' lang='lat' dir='ltr'>se</span> <span class='ocrx_word' id='word_1_35' title='bbox 363 1373 635 1453; x_wconf 76' lang='lat' dir='ltr'>interpolatione</span> <span class='ocrx_word' id='word_1_36' title='bbox 660 1379 755 1436; x_wconf 86' lang='lat' dir='ltr'>ortas</span> <span class='ocrx_word' id='word_1_37' title='bbox 780 1392 855 1436; x_wconf 87' lang='lat' dir='ltr'>esse</span> <span class='ocrx_word' id='word_1_38' title='bbox 879 1373 1043 1454; x_wconf 90' lang='lat' dir='ltr'>produnt,</span> <span class='ocrx_word' id='word_1_39' title='bbox 1066 1381 1103 1437; x_wconf 92' lang='lat' dir='ltr'>at</span> <span class='ocrx_word' id='word_1_40' title='bbox 1124 1381 1252 1455; x_wconf 89' lang='lat' dir='ltr'>tamen,</span> <span class='ocrx_word' id='word_1_41' title='bbox 1276 1380 1478 1441; x_wconf 75' lang='lat' dir='ltr'>accuratius</span> 
     </span>
     <span class='ocr_line' id='line_1_8' title="bbox 90 1481 1478 1565; baseline 0.001 -20"><span class='ocrx_word' id='word_1_42' title='bbox 90 1482 347 1561; x_wconf 81' lang='lat' dir='ltr'>consideratae,</span> <span class='ocrx_word' id='word_1_43' title='bbox 372 1482 407 1542; x_wconf 93' lang='lat' dir='ltr'>in</span> <span class='ocrx_word' id='word_1_44' title='bbox 432 1481 715 1544; x_wconf 89' lang='lat' dir='ltr'>coniecturarum</span> <span class='ocrx_word' id='word_1_45' title='bbox 741 1499 923 1542; x_wconf 89' lang='lat' dir='ltr'>numerum</span> <span class='ocrx_word' id='word_1_46' title='bbox 949 1488 1030 1543; x_wconf 92' lang='lat' dir='ltr'>sunt</span> <span class='ocrx_word' id='word_1_47' title='bbox 1054 1483 1271 1546; x_wconf 80' lang='lat' dir='ltr'>referendae.</span> <span class='ocrx_word' id='word_1_48' title='bbox 1302 1485 1478 1565; x_wconf 81' lang='lat' dir='ltr'>Imprimis</span> 
     </span>
     <span class='ocr_line' id='line_1_9' title="bbox 92 1587 1478 1671; baseline 0.004 -23"><span class='ocrx_word' id='word_1_49' title='bbox 92 1589 124 1649; x_wconf 93' lang='lat' dir='ltr'>in</span> <span class='ocrx_word' id='word_1_50' title='bbox 147 1589 347 1652; x_wconf 89' lang='lat' dir='ltr'>nominibus</span> <span class='ocrx_word' id='word_1_51' title='bbox 368 1587 519 1668; x_wconf 90' lang='lat' dir='ltr'>propriis</span> <span class='ocrx_word' id='word_1_52' title='bbox 541 1587 681 1667; x_wconf 87' lang='lat' dir='ltr'>saepius</span> <span class='ocrx_word' id='word_1_53' title='bbox 702 1593 875 1649; x_wconf 89' lang='lat' dir='ltr'>mutatum</span> <span class='ocrx_word' id='word_1_54' title='bbox 892 1591 954 1667; x_wconf 91' lang='lat' dir='ltr'>est,</span> <span class='ocrx_word' id='word_1_55' title='bbox 972 1588 1030 1651; x_wconf 91' lang='lat' dir='ltr'>ubi</span> <span class='ocrx_word' id='word_1_56' title='bbox 1048 1607 1101 1669; x_wconf 90' lang='lat' dir='ltr'>ea,</span> <span class='ocrx_word' id='word_1_57' title='bbox 1119 1607 1211 1669; x_wconf 90' lang='lat' dir='ltr'>quae</span> <span class='ocrx_word' id='word_1_58' title='bbox 1228 1590 1261 1652; x_wconf 92' lang='lat' dir='ltr'>in</span> <span class='ocrx_word' id='word_1_59' title='bbox 1281 1590 1478 1671; x_wconf 84' lang='lat' dir='ltr'>archetypo</span> 
     </span>
     <span class='ocr_line' id='line_1_10' title="bbox 93 1694 1477 1778; baseline 0.003 -22"><span class='ocrx_word' id='word_1_60' title='bbox 93 1697 289 1774; x_wconf 88' lang='lat' dir='ltr'>exstabant,</span> <span class='ocrx_word' id='word_1_61' title='bbox 324 1694 521 1757; x_wconf 88' lang='lat' dir='ltr'>difficiliora</span> <span class='ocrx_word' id='word_1_62' title='bbox 552 1700 654 1755; x_wconf 86' lang='lat' dir='ltr'>eruut</span> <span class='ocrx_word' id='word_1_63' title='bbox 687 1694 779 1756; x_wconf 91' lang='lat' dir='ltr'>lectu</span> <span class='ocrx_word' id='word_1_64' title='bbox 812 1700 847 1755; x_wconf 92' lang='lat' dir='ltr'>et</span> <span class='ocrx_word' id='word_1_65' title='bbox 877 1694 1070 1758; x_wconf 89' lang='lat' dir='ltr'>intellectu.</span> <span class='ocrx_word' id='word_1_66' title='bbox 1118 1695 1175 1759; x_wconf 84' lang='lat' dir='ltr'>Sic</span> <span class='ocrx_word' id='word_1_67' title='bbox 1206 1698 1369 1759; x_wconf 81' lang='lat' dir='ltr'>conferas</span> <span class='ocrx_word' id='word_1_68' title='bbox 1398 1717 1477 1778; x_wconf 91' lang='lat' dir='ltr'>cap.</span> 
     </span>
     <span class='ocr_line' id='line_1_11' title="bbox 93 1798 1479 1882; baseline 0.002 -19"><span class='ocrx_word' id='word_1_69' title='bbox 93 1801 172 1864; x_wconf 86' lang='grc'>1113</span> <span class='ocrx_word' id='word_1_70' title='bbox 197 1801 228 1863; x_wconf 93' lang='lat' dir='ltr'>H</span> <span class='ocrx_word' id='word_1_71' title='bbox 265 1822 422 1864; x_wconf 79' lang='lat' dir='ltr'>niomium</span> <span class='ocrx_word' id='word_1_72' title='bbox 458 1819 536 1863; x_wconf 90' lang='lat' dir='ltr'>curn</span> <span class='ocrx_word' id='word_1_73' title='bbox 569 1800 691 1863; x_wconf 88' lang='lat' dir='ltr'>codice</span> <span class='ocrx_word' id='word_1_74' title='bbox 720 1798 746 1863; x_wconf 84' lang='lat' dir='ltr'>C</span> <span class='ocrx_word' id='word_1_75' title='bbox 777 1819 946 1862; x_wconf 85' lang='lat' dir='ltr'>mannan:</span> <span class='ocrx_word' id='word_1_76' title='bbox 980 1801 1015 1862; x_wconf 96' lang='lat' dir='ltr'>in</span> <span class='ocrx_word' id='word_1_77' title='bbox 1048 1809 1195 1882; x_wconf 88' lang='lat' dir='ltr'>utroque</span> <span class='ocrx_word' id='word_1_78' title='bbox 1226 1803 1348 1867; x_wconf 91' lang='lat' dir='ltr'>codice</span> <span class='ocrx_word' id='word_1_79' title='bbox 1380 1805 1479 1867; x_wconf 82' lang='lat' dir='ltr'>deest</span> 
     </span>
     <span class='ocr_line' id='line_1_12' title="bbox 96 1907 1478 1989; baseline 0.003 -20"><span class='ocrx_word' id='word_1_80' title='bbox 96 1926 164 1970; x_wconf 92' lang='lat' dir='ltr'>una</span> <span class='ocrx_word' id='word_1_81' title='bbox 187 1909 316 1970; x_wconf 90' lang='lat' dir='ltr'>lineola</span> <span class='ocrx_word' id='word_1_82' title='bbox 345 1907 389 1969; x_wconf 90' lang='lat' dir='ltr'>ad</span> <span class='ocrx_word' id='word_1_83' title='bbox 418 1907 608 1986; x_wconf 88' lang='lat' dir='ltr'>genuinam</span> <span class='ocrx_word' id='word_1_84' title='bbox 634 1907 822 1970; x_wconf 87' lang='lat' dir='ltr'>lectionem</span> <span class='ocrx_word' id='word_1_85' title='bbox 849 1928 1012 1970; x_wconf 82' lang='lat' dir='ltr'>mannum</span> <span class='ocrx_word' id='word_1_86' title='bbox 1041 1909 1297 1989; x_wconf 85' lang='lat' dir='ltr'>complendam.</span> <span class='ocrx_word' id='word_1_87' title='bbox 1345 1910 1478 1973; x_wconf 84' lang='lat' dir='ltr'>Eodem</span> 
     </span>
     <span class='ocr_line' id='line_1_13' title="bbox 94 2014 1480 2098; baseline 0.004 -23"><span class='ocrx_word' id='word_1_88' title='bbox 94 2014 169 2078; x_wconf 91' lang='lat' dir='ltr'>loco</span> <span class='ocrx_word' id='word_1_89' title='bbox 209 2015 300 2096; x_wconf 90' lang='lat' dir='ltr'>quod</span> <span class='ocrx_word' id='word_1_90' title='bbox 335 2015 464 2094; x_wconf 86' lang='lat' dir='ltr'>legitur</span> <span class='ocrx_word' id='word_1_91' title='bbox 497 2015 657 2076; x_wconf 75' lang='lat' dir='ltr'>bistonum</span> <span class='ocrx_word' id='word_1_92' title='bbox 686 2052 729 2061; x_wconf 92' lang='lat'>—</span> <span class='ocrx_word' id='word_1_93' title='bbox 759 2015 939 2077; x_wconf 82' lang='lat' dir='ltr'>tuisconem</span> <span class='ocrx_word' id='word_1_94' title='bbox 973 2016 1250 2096; x_wconf 88' lang='lat' dir='ltr'>comparandum</span> <span class='ocrx_word' id='word_1_95' title='bbox 1285 2037 1360 2080; x_wconf 86' lang='lat' dir='ltr'>esse</span> <span class='ocrx_word' id='word_1_96' title='bbox 1394 2023 1480 2098; x_wconf 94' lang='lat' dir='ltr'>puto</span> 
     </span>
     <span class='ocr_line' id='line_1_14' title="bbox 96 2120 1478 2188; baseline 0.003 -4"><span class='ocrx_word' id='word_1_97' title='bbox 96 2140 173 2184; x_wconf 87' lang='lat' dir='ltr'>oum</span> <span class='ocrx_word' id='word_1_98' title='bbox 207 2123 366 2186; x_wconf 75' lang='lat' dir='ltr'>bistonum</span> <span class='ocrx_word' id='word_1_99' title='bbox 404 2160 447 2168; x_wconf 94' lang='lat'>—</span> <span class='ocrx_word' id='word_1_100' title='bbox 485 2121 662 2184; x_wconf 72' lang='lat' dir='ltr'>tuicionem</span> <span class='ocrx_word' id='word_1_101' title='bbox 700 2121 860 2184; x_wconf 89' lang='lat' dir='ltr'>codicum</span> <span class='ocrx_word' id='word_1_102' title='bbox 899 2120 969 2185; x_wconf 83' lang='lat' dir='ltr'>OD.</span> <span class='ocrx_word' id='word_1_103' title='bbox 1017 2121 1126 2186; x_wconf 81' lang='lat' dir='ltr'>Simili</span> <span class='ocrx_word' id='word_1_104' title='bbox 1169 2125 1271 2185; x_wconf 93' lang='lat' dir='ltr'>modo</span> <span class='ocrx_word' id='word_1_105' title='bbox 1315 2127 1478 2188; x_wconf 81' lang='lat' dir='ltr'>conferas</span> 
     </span>
     <span class='ocr_line' id='line_1_15' title="bbox 96 2227 1479 2314; baseline 0.003 -24"><span class='ocrx_word' id='word_1_106' title='bbox 96 2228 267 2292; x_wconf 80' lang='grc'>1111111111</span> <span class='ocrx_word' id='word_1_107' title='bbox 309 2228 492 2292; x_wconf 83' lang='lat' dir='ltr'>duloubnni</span> <span class='ocrx_word' id='word_1_108' title='bbox 530 2227 596 2310; x_wconf 53' lang='grc' dir='ltr'>(Οἳ)</span> <span class='ocrx_word' id='word_1_109' title='bbox 637 2246 716 2292; x_wconf 89' lang='lat' dir='ltr'>cum</span> <span class='ocrx_word' id='word_1_110' title='bbox 760 2228 890 2292; x_wconf 85' lang='lat' dir='ltr'>codicis</span> <span class='ocrx_word' id='word_1_111' title='bbox 922 2228 953 2290; x_wconf 94' lang='lat' dir='ltr'>H</span> <span class='ocrx_word' id='word_1_112' title='bbox 991 2230 1178 2309; x_wconf 81' lang='lat' dir='ltr'>dulcubini,</span> <span class='ocrx_word' id='word_1_113' title='bbox 1217 2231 1387 2294; x_wconf 78' lang='lat' dir='ltr'>thasaurii</span> <span class='ocrx_word' id='word_1_114' title='bbox 1423 2232 1479 2314; x_wconf 87' lang='grc' dir='ltr'>(Α)</span> 
     </span>
     <span class='ocr_line' id='line_1_16' title="bbox 98 2334 1477 2418; baseline 0.002 -20"><span class='ocrx_word' id='word_1_115' title='bbox 98 2353 173 2398; x_wconf 90' lang='lat' dir='ltr'>cum</span> <span class='ocrx_word' id='word_1_116' title='bbox 206 2336 379 2399; x_wconf 77' lang='lat' dir='ltr'>cbosnnmi</span> <span class='ocrx_word' id='word_1_117' title='bbox 412 2334 445 2397; x_wconf 94' lang='lat' dir='ltr'>H</span> <span class='ocrx_word' id='word_1_118' title='bbox 478 2335 631 2416; x_wconf 82' lang='lat' dir='ltr'>(litterae</span> <span class='ocrx_word' id='word_1_119' title='bbox 665 2355 681 2397; x_wconf 89' lang='lat' dir='ltr'>c</span> <span class='ocrx_word' id='word_1_120' title='bbox 717 2342 752 2397; x_wconf 91' lang='lat' dir='ltr'>et</span> <span class='ocrx_word' id='word_1_121' title='bbox 789 2342 800 2397; x_wconf 91' lang='lat' dir='ltr'>t</span> <span class='ocrx_word' id='word_1_122' title='bbox 837 2335 978 2415; x_wconf 87' lang='lat' dir='ltr'>saepius</span> <span class='ocrx_word' id='word_1_123' title='bbox 1014 2337 1300 2418; x_wconf 81' lang='lat' dir='ltr'>confunduntur).</span> <span class='ocrx_word' id='word_1_124' title='bbox 1356 2338 1477 2418; x_wconf 86' lang='lat' dir='ltr'>Neque</span> 
     </span>
     <span class='ocr_line' id='line_1_17' title="bbox 100 2441 1478 2526; baseline 0.004 -23"><span class='ocrx_word' id='word_1_125' title='bbox 100 2443 196 2505; x_wconf 87' lang='lat' dir='ltr'>aliter</span> <span class='ocrx_word' id='word_1_126' title='bbox 226 2444 359 2507; x_wconf 88' lang='lat' dir='ltr'>factum</span> <span class='ocrx_word' id='word_1_127' title='bbox 392 2461 468 2505; x_wconf 88' lang='lat' dir='ltr'>esse</span> <span class='ocrx_word' id='word_1_128' title='bbox 497 2443 667 2522; x_wconf 86' lang='lat' dir='ltr'>existimo,</span> <span class='ocrx_word' id='word_1_129' title='bbox 697 2449 735 2504; x_wconf 93' lang='lat' dir='ltr'>ut</span> <span class='ocrx_word' id='word_1_130' title='bbox 764 2443 798 2504; x_wconf 94' lang='lat' dir='ltr'>in</span> <span class='ocrx_word' id='word_1_131' title='bbox 828 2442 951 2506; x_wconf 90' lang='lat' dir='ltr'>codice</span> <span class='ocrx_word' id='word_1_132' title='bbox 979 2441 1011 2504; x_wconf 93' lang='lat' dir='ltr'>H</span> <span class='ocrx_word' id='word_1_133' title='bbox 1038 2461 1102 2523; x_wconf 92' lang='lat' dir='ltr'>pro</span> <span class='ocrx_word' id='word_1_134' title='bbox 1142 2445 1313 2507; x_wconf 71' lang='lat' dir='ltr'>nuridilios</span> <span class='ocrx_word' id='word_1_135' title='bbox 1349 2447 1478 2526; x_wconf 76' lang='lat' dir='ltr'>(ulios)</span> 
     </span>
     <span class='ocr_line' id='line_1_18' title="bbox 103 2548 1480 2636; baseline 0.004 -27"><span class='ocrx_word' id='word_1_136' title='bbox 103 2551 262 2629; x_wconf 80' lang='lat' dir='ltr'>vulgatae</span> <span class='ocrx_word' id='word_1_137' title='bbox 288 2548 486 2612; x_wconf 84' lang='lat' dir='ltr'>traditionis</span> <span class='ocrx_word' id='word_1_138' title='bbox 511 2549 618 2631; x_wconf 84' lang='grc'>(1118)</span> <span class='ocrx_word' id='word_1_139' title='bbox 640 2550 808 2612; x_wconf 83' lang='lat' dir='ltr'>vandalos</span> <span class='ocrx_word' id='word_1_140' title='bbox 833 2550 967 2630; x_wconf 72' lang='lat' dir='ltr'>(ileos),</span> <span class='ocrx_word' id='word_1_141' title='bbox 988 2568 1052 2631; x_wconf 91' lang='lat' dir='ltr'>pro</span> <span class='ocrx_word' id='word_1_142' title='bbox 1074 2551 1261 2636; x_wconf 73' lang='lat' dir='ltr'>hercyniae,</span> <span class='ocrx_word' id='word_1_143' title='bbox 1283 2553 1328 2614; x_wconf 87' lang='lat' dir='ltr'>-io</span> <span class='ocrx_word' id='word_1_144' title='bbox 1350 2552 1480 2634; x_wconf 85' lang='lat' dir='ltr'>(XXX)</span> 
     </span>
     <span class='ocr_line' id='line_1_19' title="bbox 100 2655 1479 2739; baseline 0.003 -22"><span class='ocrx_word' id='word_1_145' title='bbox 100 2655 298 2739; x_wconf 76' lang='lat' dir='ltr'>herqtiinins,</span> <span class='ocrx_word' id='word_1_146' title='bbox 343 2657 407 2735; x_wconf 85' lang='lat' dir='ltr'>-io,</span> <span class='ocrx_word' id='word_1_147' title='bbox 458 2675 521 2736; x_wconf 91' lang='lat' dir='ltr'>pro</span> <span class='ocrx_word' id='word_1_148' title='bbox 575 2657 750 2719; x_wconf 68' lang='lat' dir='ltr'>bibitiones</span> <span class='ocrx_word' id='word_1_149' title='bbox 792 2656 912 2738; x_wconf 78' lang='lat' dir='ltr'>(XLo)</span> <span class='ocrx_word' id='word_1_150' title='bbox 963 2658 1147 2737; x_wconf 82' lang='lat' dir='ltr'>uuithones,</span> <span class='ocrx_word' id='word_1_151' title='bbox 1195 2677 1259 2739; x_wconf 92' lang='lat' dir='ltr'>pro</span> <span class='ocrx_word' id='word_1_152' title='bbox 1312 2661 1479 2722; x_wconf 76' lang='lat' dir='ltr'>nitont&#39;mos</span> 
     </span>
     <span class='ocr_line' id='line_1_20' title="bbox 101 2761 1478 2845; baseline 0.001 -20"><span class='ocrx_word' id='word_1_153' title='bbox 101 2761 281 2845; x_wconf 80' lang='grc'>(11111114)</span> <span class='ocrx_word' id='word_1_154' title='bbox 315 2763 460 2827; x_wconf 84' lang='lat' dir='ltr'>lunimos</span> <span class='ocrx_word' id='word_1_155' title='bbox 494 2765 662 2844; x_wconf 88' lang='lat' dir='ltr'>scriptum</span> <span class='ocrx_word' id='word_1_156' title='bbox 701 2763 933 2826; x_wconf 89' lang='lat' dir='ltr'>inveniamus.</span> <span class='ocrx_word' id='word_1_157' title='bbox 986 2763 1126 2828; x_wconf 85' lang='lat' dir='ltr'>Graeca</span> <span class='ocrx_word' id='word_1_158' title='bbox 1164 2766 1208 2827; x_wconf 90' lang='lat' dir='ltr'>ab</span> <span class='ocrx_word' id='word_1_159' title='bbox 1243 2773 1387 2828; x_wconf 89' lang='lat' dir='ltr'>auctore</span> <span class='ocrx_word' id='word_1_160' title='bbox 1423 2783 1478 2829; x_wconf 92' lang='lat' dir='ltr'>co-</span> 
     </span>
     <span class='ocr_line' id='line_1_21' title="bbox 106 2868 1481 2954; baseline 0.003 -24"><span class='ocrx_word' id='word_1_161' title='bbox 106 2868 185 2933; x_wconf 92' lang='lat' dir='ltr'>dicis</span> <span class='ocrx_word' id='word_1_162' title='bbox 214 2870 246 2933; x_wconf 93' lang='lat' dir='ltr'>H</span> <span class='ocrx_word' id='word_1_163' title='bbox 277 2888 347 2932; x_wconf 92' lang='lat' dir='ltr'>non</span> <span class='ocrx_word' id='word_1_164' title='bbox 381 2870 601 2951; x_wconf 88' lang='lat' dir='ltr'>legebantur,</span> <span class='ocrx_word' id='word_1_165' title='bbox 635 2887 718 2932; x_wconf 88' lang='lat' dir='ltr'>nam</span> <span class='ocrx_word' id='word_1_166' title='bbox 750 2875 829 2950; x_wconf 90' lang='lat' dir='ltr'>post</span> <span class='ocrx_word' id='word_1_167' title='bbox 858 2872 1131 2953; x_wconf 81' lang='lat' dir='ltr'>nominatumque</span> <span class='ocrx_word' id='word_1_168' title='bbox 1160 2872 1285 2954; x_wconf 81' lang='grc'>(11114)</span> <span class='ocrx_word' id='word_1_169' title='bbox 1314 2873 1481 2936; x_wconf 83' lang='lat' dir='ltr'>lacunam</span> 
     </span>
     <span class='ocr_line' id='line_1_22' title="bbox 104 2973 1478 3063; baseline 0.005 -27"><span class='ocrx_word' id='word_1_170' title='bbox 104 2975 279 3059; x_wconf 90' lang='lat' dir='ltr'>iudicavit,</span> <span class='ocrx_word' id='word_1_171' title='bbox 318 2978 375 3042; x_wconf 90' lang='lat' dir='ltr'>ubi</span> <span class='ocrx_word' id='word_1_172' title='bbox 412 2978 538 3058; x_wconf 91' lang='lat' dir='ltr'>reliqui</span> <span class='ocrx_word' id='word_1_173' title='bbox 575 2977 715 3041; x_wconf 89' lang='lat' dir='ltr'>codices</span> <span class='ocrx_word' id='word_1_174' title='bbox 753 2973 969 3063; x_wconf 77' lang='lat' dir='ltr'>donncdpymn</span> <span class='ocrx_word' id='word_1_175' title='bbox 1011 2985 1173 3058; x_wconf 87' lang='lat' dir='ltr'>pergunt.</span> <span class='ocrx_word' id='word_1_176' title='bbox 1224 2979 1302 3043; x_wconf 93' lang='lat' dir='ltr'>Hoc</span> <span class='ocrx_word' id='word_1_177' title='bbox 1339 2998 1478 3060; x_wconf 92' lang='lat' dir='ltr'>quoque</span> 
     </span>
     <span class='ocr_line' id='line_1_23' title="bbox 104 3082 1480 3167; baseline 0.002 -22"><span class='ocrx_word' id='word_1_178' title='bbox 104 3084 224 3148; x_wconf 90' lang='lat' dir='ltr'>codicis</span> <span class='ocrx_word' id='word_1_179' title='bbox 249 3085 431 3148; x_wconf 88' lang='lat' dir='ltr'>deterioris</span> <span class='ocrx_word' id='word_1_180' title='bbox 456 3084 595 3162; x_wconf 85' lang='lat' dir='ltr'>signum</span> <span class='ocrx_word' id='word_1_181' title='bbox 619 3084 750 3147; x_wconf 89' lang='lat' dir='ltr'>codicis</span> <span class='ocrx_word' id='word_1_182' title='bbox 774 3082 806 3146; x_wconf 90' lang='lat' dir='ltr'>H</span> <span class='ocrx_word' id='word_1_183' title='bbox 830 3084 1011 3164; x_wconf 93' lang='lat' dir='ltr'>proprium</span> <span class='ocrx_word' id='word_1_184' title='bbox 1036 3091 1102 3165; x_wconf 90' lang='lat' dir='ltr'>est,</span> <span class='ocrx_word' id='word_1_185' title='bbox 1128 3086 1220 3165; x_wconf 91' lang='lat' dir='ltr'>quod</span> <span class='ocrx_word' id='word_1_186' title='bbox 1245 3087 1480 3167; x_wconf 75' lang='lat' dir='ltr'>archetypum</span> 
     </span>
     <span class='ocr_line' id='line_1_24' title="bbox 104 3189 1480 3272; baseline 0.004 -22"><span class='ocrx_word' id='word_1_187' title='bbox 104 3207 194 3252; x_wconf 90' lang='lat' dir='ltr'>suum</span> <span class='ocrx_word' id='word_1_188' title='bbox 218 3191 405 3272; x_wconf 84' lang='lat' dir='ltr'>exscripsit</span> <span class='ocrx_word' id='word_1_189' title='bbox 429 3209 498 3253; x_wconf 90' lang='lat' dir='ltr'>non</span> <span class='ocrx_word' id='word_1_190' title='bbox 523 3209 567 3253; x_wconf 87' lang='lat' dir='ltr'>ea</span> <span class='ocrx_word' id='word_1_191' title='bbox 588 3191 791 3271; x_wconf 85' lang='lat' dir='ltr'>respiciens,</span> <span class='ocrx_word' id='word_1_192' title='bbox 815 3208 907 3271; x_wconf 88' lang='lat' dir='ltr'>quae</span> <span class='ocrx_word' id='word_1_193' title='bbox 929 3189 1072 3255; x_wconf 86' lang='lat' dir='ltr'>Tacitus</span> <span class='ocrx_word' id='word_1_194' title='bbox 1095 3192 1212 3256; x_wconf 89' lang='lat' dir='ltr'>dicore</span> <span class='ocrx_word' id='word_1_195' title='bbox 1233 3193 1396 3272; x_wconf 88' lang='lat' dir='ltr'>voluerit,</span> <span class='ocrx_word' id='word_1_196' title='bbox 1418 3193 1480 3256; x_wconf 91' lang='lat' dir='ltr'>sed</span> 
     </span>
     <span class='ocr_line' id='line_1_25' title="bbox 105 3295 1480 3380; baseline 0.006 -25"><span class='ocrx_word' id='word_1_197' title='bbox 105 3295 135 3357; x_wconf 93' lang='lat' dir='ltr'>in</span> <span class='ocrx_word' id='word_1_198' title='bbox 165 3298 323 3378; x_wconf 85' lang='lat' dir='ltr'>proxima</span> <span class='ocrx_word' id='word_1_199' title='bbox 357 3303 494 3360; x_wconf 91' lang='lat' dir='ltr'>tantum</span> <span class='ocrx_word' id='word_1_200' title='bbox 527 3298 639 3360; x_wconf 90' lang='lat' dir='ltr'>verba</span> <span class='ocrx_word' id='word_1_201' title='bbox 672 3297 827 3360; x_wconf 90' lang='lat' dir='ltr'>animum</span> <span class='ocrx_word' id='word_1_202' title='bbox 861 3298 1062 3378; x_wconf 88' lang='lat' dir='ltr'>advertens,</span> <span class='ocrx_word' id='word_1_203' title='bbox 1097 3317 1217 3380; x_wconf 92' lang='lat' dir='ltr'>quare,</span> <span class='ocrx_word' id='word_1_204' title='bbox 1247 3318 1327 3363; x_wconf 90' lang='lat' dir='ltr'>cum</span> <span class='ocrx_word' id='word_1_205' title='bbox 1357 3319 1480 3363; x_wconf 89' lang='lat' dir='ltr'>sensus</span> 
     </span>
     <span class='ocr_line' id='line_1_26' title="bbox 105 3399 1478 3486; baseline 0.004 -22"><span class='ocrx_word' id='word_1_206' title='bbox 105 3404 229 3484; x_wconf 83' lang='lat' dir='ltr'>expleri</span> <span class='ocrx_word' id='word_1_207' title='bbox 261 3422 329 3467; x_wconf 92' lang='lat' dir='ltr'>non</span> <span class='ocrx_word' id='word_1_208' title='bbox 365 3405 555 3485; x_wconf 86' lang='lat' dir='ltr'>videretur,</span> <span class='ocrx_word' id='word_1_209' title='bbox 589 3406 731 3486; x_wconf 90' lang='lat' dir='ltr'>saepius</span> <span class='ocrx_word' id='word_1_210' title='bbox 771 3410 902 3468; x_wconf 90' lang='lat' dir='ltr'>temere</span> <span class='ocrx_word' id='word_1_211' title='bbox 940 3407 1092 3469; x_wconf 89' lang='lat' dir='ltr'>mutavit</span> <span class='ocrx_word' id='word_1_212' title='bbox 1127 3399 1315 3470; x_wconf 89' lang='lat' dir='ltr'>verborum</span> <span class='ocrx_word' id='word_1_213' title='bbox 1353 3408 1478 3486; x_wconf 79' lang='lat' dir='ltr'>exituS,</span> 
     </span>
     <span class='ocr_line' id='line_1_27' title="bbox 106 3511 1479 3596; baseline 0.005 -26"><span class='ocrx_word' id='word_1_214' title='bbox 106 3514 139 3570; x_wconf 94' lang='lat' dir='ltr'>ut</span> <span class='ocrx_word' id='word_1_215' title='bbox 176 3512 346 3594; x_wconf 83' lang='lat' dir='ltr'>principis</span> <span class='ocrx_word' id='word_1_216' title='bbox 394 3511 428 3573; x_wconf 93' lang='lat' dir='ltr'>in</span> <span class='ocrx_word' id='word_1_217' title='bbox 476 3513 652 3594; x_wconf 81' lang='lat' dir='ltr'>principes</span> <span class='ocrx_word' id='word_1_218' title='bbox 700 3512 872 3594; x_wconf 73' lang='grc'>(1111713),</span> <span class='ocrx_word' id='word_1_219' title='bbox 921 3519 1032 3575; x_wconf 84' lang='lat' dir='ltr'>cetera</span> <span class='ocrx_word' id='word_1_220' title='bbox 1080 3513 1115 3575; x_wconf 91' lang='lat' dir='ltr'>in</span> <span class='ocrx_word' id='word_1_221' title='bbox 1168 3515 1268 3576; x_wconf 80' lang='lat' dir='ltr'>ceteri</span> <span class='ocrx_word' id='word_1_222' title='bbox 1316 3515 1479 3596; x_wconf 80' lang='lat' dir='ltr'>(XVII),</span> 
     </span>
     <span class='ocr_line' id='line_1_28' title="bbox 106 3617 1477 3705; baseline 0.005 -28"><span class='ocrx_word' id='word_1_223' title='bbox 106 3617 305 3681; x_wconf 84' lang='lat' dir='ltr'>oblectationi</span> <span class='ocrx_word' id='word_1_224' title='bbox 335 3618 371 3680; x_wconf 90' lang='lat' dir='ltr'>in</span> <span class='ocrx_word' id='word_1_225' title='bbox 403 3619 620 3682; x_wconf 82' lang='lat' dir='ltr'>oblectatione</span> <span class='ocrx_word' id='word_1_226' title='bbox 651 3618 864 3700; x_wconf 87' lang='grc'>(1111111118)</span> <span class='ocrx_word' id='word_1_227' title='bbox 893 3620 998 3683; x_wconf 82' lang='lat' dir='ltr'>trucis</span> <span class='ocrx_word' id='word_1_228' title='bbox 1025 3660 1064 3666; x_wconf 91' lang='lat'>—</span> <span class='ocrx_word' id='word_1_229' title='bbox 1087 3622 1222 3705; x_wconf 74' lang='lat' dir='ltr'>feritati</span> <span class='ocrx_word' id='word_1_230' title='bbox 1246 3621 1281 3683; x_wconf 89' lang='lat' dir='ltr'>in</span> <span class='ocrx_word' id='word_1_231' title='bbox 1307 3623 1411 3684; x_wconf 82' lang='lat' dir='ltr'>tracis</span> <span class='ocrx_word' id='word_1_232' title='bbox 1437 3662 1477 3669; x_wconf 90' lang='lat'><em>-</em></span> 
     </span>
     <span class='ocr_line' id='line_1_29' title="bbox 103 3724 1479 3808; baseline 0.005 -24"><span class='ocrx_word' id='word_1_233' title='bbox 103 3724 242 3806; x_wconf 79' lang='lat' dir='ltr'>feritatis</span> <span class='ocrx_word' id='word_1_234' title='bbox 277 3725 478 3808; x_wconf 79' lang='lat' dir='ltr'>(Xmssaa).</span> <span class='ocrx_word' id='word_1_235' title='bbox 526 3726 641 3790; x_wconf 85' lang='lat' dir='ltr'>Semel</span> <span class='ocrx_word' id='word_1_236' title='bbox 675 3727 796 3806; x_wconf 89' lang='lat' dir='ltr'>etiarn,</span> <span class='ocrx_word' id='word_1_237' title='bbox 836 3727 893 3791; x_wconf 91' lang='lat' dir='ltr'>ubi</span> <span class='ocrx_word' id='word_1_238' title='bbox 929 3728 1176 3808; x_wconf 84' lang='lat' dir='ltr'>apographum</span> <span class='ocrx_word' id='word_1_239' title='bbox 1211 3728 1479 3792; x_wconf 91' lang='lat' dir='ltr'>Henochianum</span> 
     </span>
     <span class='ocr_line' id='line_1_30' title="bbox 106 3833 1481 3920; baseline 0.004 -29"><span class='ocrx_word' id='word_1_240' title='bbox 106 3833 295 3913; x_wconf 88' lang='lat' dir='ltr'>corruptela</span> <span class='ocrx_word' id='word_1_241' title='bbox 319 3833 522 3913; x_wconf 88' lang='lat' dir='ltr'>laborabat,</span> <span class='ocrx_word' id='word_1_242' title='bbox 553 3835 742 3896; x_wconf 85' lang='lat' dir='ltr'>emendare</span> <span class='ocrx_word' id='word_1_243' title='bbox 771 3833 919 3896; x_wconf 90' lang='lat' dir='ltr'>studuit:</span> <span class='ocrx_word' id='word_1_244' title='bbox 952 3853 1015 3915; x_wconf 93' lang='lat' dir='ltr'>pro</span> <span class='ocrx_word' id='word_1_245' title='bbox 1048 3836 1084 3897; x_wconf 84' lang='lat' dir='ltr'>in</span> <span class='ocrx_word' id='word_1_246' title='bbox 1115 3837 1310 3920; x_wconf 61' lang='lat' dir='ltr'>numeralibus</span> <span class='ocrx_word' id='word_1_247' title='bbox 1340 3836 1481 3916; x_wconf 87' lang='lat' dir='ltr'>scripsit</span> 
     </span>
     <span class='ocr_line' id='line_1_31' title="bbox 106 3935 1481 4022; baseline 0.006 -26"><span class='ocrx_word' id='word_1_248' title='bbox 106 3935 136 3997; x_wconf 90' lang='lat' dir='ltr'>in</span> <span class='ocrx_word' id='word_1_249' title='bbox 155 3940 300 4021; x_wconf 77' lang='lat' dir='ltr'>pentibus</span> <span class='ocrx_word' id='word_1_250' title='bbox 346 3939 595 4022; x_wconf 80' lang='grc' dir='ltr'>(ΧΧΧΙΠ10);</span> <span class='ocrx_word' id='word_1_251' title='bbox 635 3940 727 4020; x_wconf 94' lang='lat' dir='ltr'>quod</span> <span class='ocrx_word' id='word_1_252' title='bbox 764 3941 989 4004; x_wconf 89' lang='lat' dir='ltr'>coniecturae</span> <span class='ocrx_word' id='word_1_253' title='bbox 1025 3941 1106 4005; x_wconf 90' lang='lat' dir='ltr'>Itali</span> <span class='ocrx_word' id='word_1_254' title='bbox 1141 3942 1321 4005; x_wconf 90' lang='lat' dir='ltr'>cuiusdam</span> <span class='ocrx_word' id='word_1_255' title='bbox 1360 3943 1481 4006; x_wconf 87' lang='lat' dir='ltr'>deberi</span> 
     </span>
     <span class='ocr_line' id='line_1_32' title="bbox 106 4041 1480 4129; baseline 0.005 -25"><span class='ocrx_word' id='word_1_256' title='bbox 106 4041 335 4109; x_wconf 90' lang='lat' dir='ltr'>demonstrant</span> <span class='ocrx_word' id='word_1_257' title='bbox 364 4045 403 4129; x_wconf 82' lang='lat' dir='ltr'>C,</span> <span class='ocrx_word' id='word_1_258' title='bbox 416 4046 448 4109; x_wconf 89' lang='lat' dir='ltr'>ll</span> <span class='ocrx_word' id='word_1_259' title='bbox 461 4046 494 4111; x_wconf 87' lang='lat' dir='ltr'>S.</span> <span class='ocrx_word' id='word_1_260' title='bbox 541 4047 708 4127; x_wconf 87' lang='lat' dir='ltr'>Reliquas</span> <span class='ocrx_word' id='word_1_261' title='bbox 746 4047 820 4110; x_wconf 90' lang='lat' dir='ltr'>eius</span> <span class='ocrx_word' id='word_1_262' title='bbox 857 4047 1092 4128; x_wconf 90' lang='lat' dir='ltr'>interpolandi</span> <span class='ocrx_word' id='word_1_263' title='bbox 1132 4049 1271 4128; x_wconf 86' lang='lat' dir='ltr'>generis</span> <span class='ocrx_word' id='word_1_264' title='bbox 1310 4049 1480 4111; x_wconf 89' lang='lat' dir='ltr'>lectiones</span> 
     </span>
     <span class='ocr_line' id='line_1_33' title="bbox 105 4150 1021 4219; baseline 0.007 -7"><span class='ocrx_word' id='word_1_265' title='bbox 105 4150 248 4216; x_wconf 85' lang='lat' dir='ltr'>breviter</span> <span class='ocrx_word' id='word_1_266' title='bbox 273 4172 318 4217; x_wconf 86' lang='lat' dir='ltr'>ex</span> <span class='ocrx_word' id='word_1_267' title='bbox 342 4154 464 4217; x_wconf 91' lang='lat' dir='ltr'>ordine</span> <span class='ocrx_word' id='word_1_268' title='bbox 489 4155 751 4218; x_wconf 90' lang='lat' dir='ltr'>consideremus</span> <span class='ocrx_word' id='word_1_269' title='bbox 776 4173 920 4218; x_wconf 87' lang='lat' dir='ltr'>necesse</span> <span class='ocrx_word' id='word_1_270' title='bbox 945 4157 1021 4219; x_wconf 89' lang='lat' dir='ltr'>erit.</span> 
     </span>
    </p>
   </div>
   <div class='ocr_carea' id='block_1_4' title="bbox 104 4294 1481 5124">
    <p class='ocr_par' dir='ltr' id='par_1_4' title="bbox 104 4294 1481 5124">
     <span class='ocr_line' id='line_1_34' title="bbox 184 4294 1479 4377; baseline -0.002 -15"><span class='ocrx_word' id='word_1_271' title='bbox 184 4297 253 4364; x_wconf 82' lang='lat'>119</span> <span class='ocrx_word' id='word_1_272' title='bbox 287 4297 354 4360; x_wconf 83' lang='lat' dir='ltr'>nisi</span> <span class='ocrx_word' id='word_1_273' title='bbox 377 4297 407 4360; x_wconf 87' lang='lat' dir='ltr'>si</span> <span class='ocrx_word' id='word_1_274' title='bbox 441 4295 603 4360; x_wconf 93' lang='lat' dir='ltr'>oodioum</span> <span class='ocrx_word' id='word_1_275' title='bbox 633 4294 730 4360; x_wconf 84' lang='lat' dir='ltr'>ACD</span> <span class='ocrx_word' id='word_1_276' title='bbox 765 4297 849 4377; x_wconf 94' lang='lat' dir='ltr'>quid</span> <span class='ocrx_word' id='word_1_277' title='bbox 884 4297 951 4360; x_wconf 88' lang='lat' dir='ltr'>sibi</span> <span class='ocrx_word' id='word_1_278' title='bbox 983 4298 1106 4376; x_wconf 88' lang='lat' dir='ltr'>vellet,</span> <span class='ocrx_word' id='word_1_279' title='bbox 1141 4314 1210 4358; x_wconf 93' lang='lat' dir='ltr'>non</span> <span class='ocrx_word' id='word_1_280' title='bbox 1243 4297 1420 4359; x_wconf 85' lang='lat' dir='ltr'>intellexit</span> <span class='ocrx_word' id='word_1_281' title='bbox 1447 4296 1479 4360; x_wconf 93' lang='lat' dir='ltr'>H</span> 
     </span>
     <span class='ocr_line' id='line_1_35' title="bbox 104 4403 1480 4485; baseline 0.003 -23"><span class='ocrx_word' id='word_1_282' title='bbox 104 4404 313 4485; x_wconf 90' lang='lat' dir='ltr'>mutavitque</span> <span class='ocrx_word' id='word_1_283' title='bbox 344 4404 380 4466; x_wconf 94' lang='lat' dir='ltr'>in</span> <span class='ocrx_word' id='word_1_284' title='bbox 409 4404 476 4468; x_wconf 86' lang='lat' dir='ltr'>nisi</span> <span class='ocrx_word' id='word_1_285' title='bbox 504 4405 577 4468; x_wconf 84' lang='lat' dir='ltr'>sibi.</span> <span class='ocrx_word' id='word_1_286' title='bbox 626 4403 670 4465; x_wconf 86' lang='lat' dir='ltr'>Et</span> <span class='ocrx_word' id='word_1_287' title='bbox 702 4404 792 4466; x_wconf 85' lang='lat' dir='ltr'>t&#39;also</span> <span class='ocrx_word' id='word_1_288' title='bbox 826 4404 984 4484; x_wconf 93' lang='lat' dir='ltr'>quidem:</span> <span class='ocrx_word' id='word_1_289' title='bbox 1019 4405 1046 4466; x_wconf 92' lang='lat' dir='ltr'>si</span> <span class='ocrx_word' id='word_1_290' title='bbox 1081 4403 1173 4466; x_wconf 91' lang='lat' dir='ltr'>enim</span> <span class='ocrx_word' id='word_1_291' title='bbox 1208 4403 1373 4466; x_wconf 91' lang='lat' dir='ltr'>scribitur</span> <span class='ocrx_word' id='word_1_292' title='bbox 1406 4405 1480 4482; x_wconf 82' lang='lat' dir='ltr'>sibi,</span> 
     </span>
     <span class='ocr_line' id='line_1_36' title="bbox 104 4505 1480 4592; baseline 0.004 -24"><span class='ocrx_word' id='word_1_293' title='bbox 104 4505 215 4572; x_wconf 84' lang='lat' dir='ltr'>Tacito</span> <span class='ocrx_word' id='word_1_294' title='bbox 246 4515 435 4592; x_wconf 88' lang='lat' dir='ltr'>peccatum</span> <span class='ocrx_word' id='word_1_295' title='bbox 467 4517 593 4574; x_wconf 91' lang='lat' dir='ltr'>contra</span> <span class='ocrx_word' id='word_1_296' title='bbox 624 4511 709 4573; x_wconf 88' lang='lat' dir='ltr'>artis</span> <span class='ocrx_word' id='word_1_297' title='bbox 740 4511 996 4590; x_wconf 83' lang='lat' dir='ltr'>grammaticae</span> <span class='ocrx_word' id='word_1_298' title='bbox 1028 4511 1125 4589; x_wconf 86' lang='lat' dir='ltr'>leges</span> <span class='ocrx_word' id='word_1_299' title='bbox 1156 4510 1333 4573; x_wconf 88' lang='lat' dir='ltr'>subditur:</span> <span class='ocrx_word' id='word_1_300' title='bbox 1366 4528 1480 4592; x_wconf 88' lang='lat' dir='ltr'>neque</span> 
     </span>
     <span class='ocr_line' id='line_1_37' title="bbox 104 4616 1480 4700; baseline 0.004 -25"><span class='ocrx_word' id='word_1_301' title='bbox 104 4616 186 4678; x_wconf 88' lang='lat' dir='ltr'>enirn</span> <span class='ocrx_word' id='word_1_302' title='bbox 216 4619 435 4682; x_wconf 83' lang='lat' dir='ltr'>enuntiatum</span> <span class='ocrx_word' id='word_1_303' title='bbox 464 4618 551 4682; x_wconf 94' lang='lat' dir='ltr'>illud</span> <span class='ocrx_word' id='word_1_304' title='bbox 581 4619 648 4682; x_wconf 83' lang='lat' dir='ltr'>nisi</span> <span class='ocrx_word' id='word_1_305' title='bbox 677 4619 707 4682; x_wconf 86' lang='lat' dir='ltr'>si</span> <span class='ocrx_word' id='word_1_306' title='bbox 727 4619 848 4700; x_wconf 82' lang='lat' dir='ltr'>putria</span> <span class='ocrx_word' id='word_1_307' title='bbox 877 4619 922 4680; x_wconf 85' lang='lat' dir='ltr'>sit</span> <span class='ocrx_word' id='word_1_308' title='bbox 947 4617 1078 4698; x_wconf 90' lang='lat' dir='ltr'>pendet</span> <span class='ocrx_word' id='word_1_309' title='bbox 1103 4635 1122 4679; x_wconf 90' lang='grc'>6</span> <span class='ocrx_word' id='word_1_310' title='bbox 1148 4619 1259 4680; x_wconf 89' lang='lat' dir='ltr'>verbo</span> <span class='ocrx_word' id='word_1_311' title='bbox 1288 4625 1413 4699; x_wconf 82' lang='lat' dir='ltr'>peteret</span> <span class='ocrx_word' id='word_1_312' title='bbox 1439 4659 1480 4666; x_wconf 93' lang='lat'><em>-</em></span> 
     </span>
     <span class='ocr_line' id='line_1_38' title="bbox 104 4724 1480 4806; baseline 0.001 -22"><span class='ocrx_word' id='word_1_313' title='bbox 104 4725 187 4801; x_wconf 91' lang='lat' dir='ltr'>quod</span> <span class='ocrx_word' id='word_1_314' title='bbox 206 4726 359 4806; x_wconf 91' lang='lat' dir='ltr'>positum</span> <span class='ocrx_word' id='word_1_315' title='bbox 375 4729 428 4788; x_wconf 89' lang='lat' dir='ltr'>est</span> <span class='ocrx_word' id='word_1_316' title='bbox 444 4727 479 4788; x_wconf 91' lang='lat' dir='ltr'>in</span> <span class='ocrx_word' id='word_1_317' title='bbox 501 4727 604 4788; x_wconf 91' lang='lat' dir='ltr'>modo</span> <span class='ocrx_word' id='word_1_318' title='bbox 627 4725 852 4790; x_wconf 89' lang='lat' dir='ltr'>coniunctivo</span> <span class='ocrx_word' id='word_1_319' title='bbox 873 4725 1082 4805; x_wconf 86' lang='lat' dir='ltr'>imperfecti,</span> <span class='ocrx_word' id='word_1_320' title='bbox 1108 4733 1186 4805; x_wconf 86' lang='lat' dir='ltr'>post</span> <span class='ocrx_word' id='word_1_321' title='bbox 1210 4742 1315 4804; x_wconf 94' lang='lat' dir='ltr'>quem</span> <span class='ocrx_word' id='word_1_322' title='bbox 1338 4724 1480 4787; x_wconf 90' lang='lat' dir='ltr'>modum</span> 
     </span>
     <span class='ocr_line' id='line_1_39' title="bbox 104 4831 1481 4912; baseline 0.003 -22"><span class='ocrx_word' id='word_1_323' title='bbox 104 4831 338 4895; x_wconf 89' lang='lat' dir='ltr'>coniunctivus</span> <span class='ocrx_word' id='word_1_324' title='bbox 363 4833 562 4912; x_wconf 87' lang='lat' dir='ltr'>praesentis</span> <span class='ocrx_word' id='word_1_325' title='bbox 587 4833 671 4895; x_wconf 83' lang='lat' dir='ltr'>ferri</span> <span class='ocrx_word' id='word_1_326' title='bbox 695 4850 765 4894; x_wconf 90' lang='lat' dir='ltr'>non</span> <span class='ocrx_word' id='word_1_327' title='bbox 789 4836 964 4912; x_wconf 88' lang='lat' dir='ltr'>potest-</span> <span class='ocrx_word' id='word_1_328' title='bbox 980 4831 1043 4894; x_wconf 89' lang='lat' dir='ltr'>sed</span> <span class='ocrx_word' id='word_1_329' title='bbox 1064 4831 1222 4894; x_wconf 90' lang='lat' dir='ltr'>additum</span> <span class='ocrx_word' id='word_1_330' title='bbox 1239 4839 1292 4893; x_wconf 87' lang='lat' dir='ltr'>est</span> <span class='ocrx_word' id='word_1_331' title='bbox 1309 4851 1354 4893; x_wconf 87' lang='lat' dir='ltr'>cx</span> <span class='ocrx_word' id='word_1_332' title='bbox 1373 4832 1481 4912; x_wconf 91' lang='lat' dir='ltr'>ipsius</span> 
     </span>
     <span class='ocr_line' id='line_1_40' title="bbox 105 4932 1480 5020; baseline 0.003 -25"><span class='ocrx_word' id='word_1_333' title='bbox 105 4932 208 5000; x_wconf 86' lang='lat' dir='ltr'>Taciti</span> <span class='ocrx_word' id='word_1_334' title='bbox 232 4939 424 5001; x_wconf 83' lang='lat' dir='ltr'>sententia:</span> <span class='ocrx_word' id='word_1_335' title='bbox 450 4944 487 5002; x_wconf 91' lang='lat' dir='ltr'>at</span> <span class='ocrx_word' id='word_1_336' title='bbox 511 4940 540 5002; x_wconf 82' lang='lat' dir='ltr'>si</span> <span class='ocrx_word' id='word_1_337' title='bbox 570 4939 647 5020; x_wconf 90' lang='lat' dir='ltr'>quis</span> <span class='ocrx_word' id='word_1_338' title='bbox 675 4938 921 5019; x_wconf 90' lang='lat' dir='ltr'>interpolando</span> <span class='ocrx_word' id='word_1_339' title='bbox 951 4939 1102 5002; x_wconf 91' lang='lat' dir='ltr'>alterum</span> <span class='ocrx_word' id='word_1_340' title='bbox 1130 4937 1217 5000; x_wconf 92' lang='lat' dir='ltr'>illud</span> <span class='ocrx_word' id='word_1_341' title='bbox 1245 4938 1275 5000; x_wconf 86' lang='lat' dir='ltr'>si</span> <span class='ocrx_word' id='word_1_342' title='bbox 1303 4942 1417 4999; x_wconf 90' lang='lat' dir='ltr'>mutat</span> <span class='ocrx_word' id='word_1_343' title='bbox 1445 4937 1480 4999; x_wconf 94' lang='lat' dir='ltr'>in</span> 
     </span>
     <span class='ocr_line' id='line_1_41' title="bbox 105 5042 1481 5124; baseline 0.003 -22"><span class='ocrx_word' id='word_1_344' title='bbox 105 5042 172 5124; x_wconf 79' lang='lat' dir='ltr'>sibi,</span> <span class='ocrx_word' id='word_1_345' title='bbox 201 5049 276 5108; x_wconf 88' lang='lat' dir='ltr'>arte</span> <span class='ocrx_word' id='word_1_346' title='bbox 306 5045 461 5109; x_wconf 89' lang='lat' dir='ltr'>conectit</span> <span class='ocrx_word' id='word_1_347' title='bbox 492 5046 584 5109; x_wconf 90' lang='lat' dir='ltr'>inter</span> <span class='ocrx_word' id='word_1_348' title='bbox 613 5064 649 5108; x_wconf 92' lang='lat' dir='ltr'>se</span> <span class='ocrx_word' id='word_1_349' title='bbox 679 5044 769 5108; x_wconf 89' lang='lat' dir='ltr'>haec</span> <span class='ocrx_word' id='word_1_350' title='bbox 801 5045 868 5107; x_wconf 91' lang='lat' dir='ltr'>duo</span> <span class='ocrx_word' id='word_1_351' title='bbox 897 5045 1090 5109; x_wconf 87' lang='lat' dir='ltr'>enuntiata.</span> <span class='ocrx_word' id='word_1_352' title='bbox 1130 5044 1232 5108; x_wconf 91' lang='lat' dir='ltr'>Unde</span> <span class='ocrx_word' id='word_1_353' title='bbox 1262 5062 1342 5108; x_wconf 89' lang='lat' dir='ltr'>cum</span> <span class='ocrx_word' id='word_1_354' title='bbox 1367 5062 1481 5124; x_wconf 83' lang='lat' dir='ltr'>gram-</span> 
     </span>
    </p>
   </div>
   <div class='ocr_carea' id='block_1_5' title="bbox 1299 5173 1337 5220">
    <p class='ocr_par' dir='ltr' id='par_1_5' title="bbox 1299 5173 1337 5220">
     <span class='ocr_line' id='line_1_42' title="bbox 1299 5173 1337 5220; baseline 0 0"><span class='ocrx_word' id='word_1_355' title='bbox 1299 5175 1301 5180; x_wconf 87' lang='grc'><strong>’</strong></span> <span class='ocrx_word' id='word_1_356' title='bbox 1323 5173 1337 5220; x_wconf 88' lang='grc'><strong>6</strong></span> 
     </span>
    </p>
   </div>
   <div class='ocr_carea' id='block_1_6' title="bbox 0 0 1860 5912">
    <p class='ocr_par' dir='ltr' id='par_1_6' title="bbox 0 0 1860 5912">
     <span class='ocr_line' id='line_1_43' title="bbox 0 0 1860 5912; baseline 0 0"><span class='ocrx_word' id='word_1_357' title='bbox 0 0 1860 5912; x_wconf 95' lang='lat' dir='ltr'> </span> 
     </span>
    </p>
   </div>
  </div>
 </body>
</html>
