3682 5912
937 539 1158 600 -36-

356 727 550 809 posteriore
584 727 668 790 loco*
695 731 835 790 notatas
869 729 1004 809 attinet,
1039 729 1227 792 dolendum
1261 736 1328 808 est,
1362 730 1455 810 quod
1488 749 1556 792 non
1586 732 1753 793 omnium

357 835 518 899 codicum
540 835 752 897 deteriorum
770 836 828 897 vel
850 836 1042 899 editionum
1064 837 1301 918 antiquiorum
1322 837 1491 901 lectiones
1507 839 1639 918 publici
1661 839 1752 900 iuris

356 943 474 1005 factae
499 945 589 1019 sunt,
614 949 648 1005 et
671 942 716 1004 ad
738 943 826 1005 tales
848 944 1132 1023 comparationes
1157 944 1234 1006 sola
1257 962 1321 1006 nos
1342 944 1489 1007 adiuvat
1510 946 1615 1008 editio
1633 946 1751 1008 Mass·
1830 1013 1831 1036 ἦ

357 1048 550 1112 mariniana
573 1067 643 1110 non
664 1067 803 1129 semper
824 1049 891 1112 lide
909 1049 1033 1129 digna:
1055 1051 1278 1113 consentiunt
1295 1050 1388 1113 enim
1404 1051 1595 1115 nonnullae
1613 1052 1748 1114 harum
1830 1039 1831 1060 ¹

357 1167 641 1219 correcturarum
678 1174 758 1219 cum
795 1157 1012 1234 lectionibus,
1050 1176 1141 1238 quae
1180 1159 1372 1223 secundum
1412 1159 1678 1223 Massmannum
1714 1161 1751 1223 in
1830 1203 1831 1222 l

356 1263 439 1325 solis
463 1263 583 1342 primis
607 1262 818 1326 editionibus
841 1265 898 1327 vel
922 1264 957 1325 in
983 1265 1180 1328 deterrimis
1197 1266 1365 1328 Italorum
1387 1267 1566 1330 codicibus
1589 1275 1750 1348 exstant,

357 1373 394 1431 ut
411 1368 498 1432 XL?
523 1368 683 1448 herilium,
706 1369 831 1434 XLHo
844 1373 1016 1455 perqilur:
1039 1390 1154 1453 neque
1174 1390 1266 1452 quae
1285 1373 1389 1436 hodie
1411 1380 1464 1436 est
1480 1375 1603 1437 notitia
1620 1379 1752 1438 nostra
1830 1361 1831 1402 ³

356 1476 480 1538 talium
505 1475 683 1555 librorum,
709 1477 925 1557 investigare
949 1485 1142 1559 possumus,
1169 1480 1282 1560 qualis
1306 1481 1351 1543 sit
1375 1499 1486 1544 nexus
1509 1483 1600 1544 inter
1625 1501 1689 1544 eos
1713 1485 1751 1544 et

355 1601 498 1646 manum
526 1583 583 1665 H,
631 1583 698 1646 Sed
728 1583 904 1646 affirmare
932 1585 1062 1664 licebit,
1093 1585 1157 1648 lias
1187 1593 1409 1650 correcturas
1434 1587 1478 1670 H,
1509 1607 1633 1652 manus
1663 1607 1748 1651 esse

357 1690 589 1768 coniecturas,
620 1708 680 1751 seu
710 1689 818 1751 falsas
847 1690 1043 1773 (XXlXL’l)
1076 1710 1135 1754 seu
1171 1711 1276 1756 veras
1304 1694 1436 1776 (XLI),
1472 1714 1515 1758 ex
1545 1696 1747 1776 archetypo
1830 1699 1831 1746 ἶ

358 1797 489 1860 codicis
514 1795 546 1858 H
570 1815 639 1858 non
665 1796 835 1858 deductas
857 1815 1005 1877 eamque
1028 1799 1072 1860 ob
1094 1817 1168 1862 rem
1190 1800 1318 1862 nullius
1339 1802 1442 1881 pretii
1459 1803 1494 1863 in
1512 1802 1746 1865 aestimandis

357 1905 431 1967 eins
456 1903 675 1966 lectionibus

444 2026 575 2104 Restat,
601 2031 637 2088 ut
662 2044 778 2106 panca
803 2027 916 2090 dicam
943 2028 986 2090 de
1011 2029 1147 2092 duabus
1171 2031 1380 2094 lectionibus
1405 2033 1536 2096 codicis
1565 2034 1672 2095 nostri
1707 2037 1744 2094 et

357 2152 479 2197 earnm
505 2133 725 2211 correcturis
752 2133 794 2195 de
819 2134 945 2214 capitis
966 2135 1120 2198 XXVIII
1135 2155 1243 2199 versu
1268 2144 1305 2203 16
1324 2144 1358 2199 et
1376 2145 1427 2217 21,
1452 2139 1509 2202 ubi
1531 2139 1744 2201 Nerviorum

358 2245 393 2303 et
421 2240 589 2303 Ubiorum
620 2239 938 2302 commemorantur
968 2245 1100 2320 gentes.
1148 2243 1338 2323 Longolius
1367 2251 1489 2307 barum
1519 2247 1661 2308 nomina
1690 2246 1744 2308 sic

357 2347 509 2427 profert:
547 2347 676 2426 Nervii,
706 2367 727 2408 a
756 2369 798 2408 nt.
828 2368 892 2410 rec.
940 2349 1063 2410 Xeruli
1096 2358 1131 2411 et
1165 2350 1225 2428 (ed.
1262 2351 1369 2414 Lotllr.
1414 2353 1503 2427 Ubii)
1540 2375 1561 2416 a
1598 2374 1659 2415 ser.
1700 2375 1743 2414 nt.

357 2455 475 2532 Nubii,
510 2461 698 2535 praeterea
740 2456 844 2517 rubro
887 2456 1021 2536 liquore
1065 2457 1163 2519 addit
1202 2459 1338 2539 Neruii,
1378 2461 1505 2522 Nubii:
1545 2461 1685 2540 iamque
1722 2477 1742 2520 e

358 2561 524 2640 Sellingio
554 2562 682 2624 scimus
712 2567 841 2642 (progr.
873 2582 905 2642 p.
937 2569 991 2642 25)
1024 2565 1059 2626 in
1094 2566 1205 2627 codice
1234 2567 1468 2630 Hummeliuno
1497 2567 1634 2629 nontinu
1660 2587 1742 2648 pro-

352 2669 436 2749 pria
464 2669 670 2749 populorum
701 2670 737 2730 in
768 2672 921 2753 inalpino
952 2671 1081 2752 liquore
1114 2674 1215 2734 rubro
1245 2675 1386 2736 eadem
1421 2696 1545 2735 'marin
1575 2694 1641 2755 (μισ,
1666 2695 1741 2735 con-
1830 2697 1831 2702 ¹

358 2782 485 2837 temtum
509 2776 684 2837 verboram
709 2777 885 2857 adscripta
908 2779 1025 2860 sitisse,
1053 2785 1087 2840 et
1113 2780 1187 2859 ipse
1213 2780 1345 2860 Selling
1371 2781 1483 2845 codici
1510 2780 1543 2842 H
1570 2781 1741 2844 lectiones

358 2883 489 2958 Neruii,
508 2883 612 2944 Nnbii
634 2883 802 2947 vindicat.
834 2883 901 2946 Res
922 2885 1027 2963 igitur
1048 2886 1097 2948 ita
1121 2886 1295 2966 sehabet,
1317 2893 1353 2950 ut
1374 2890 1418 2950 ab
1437 2888 1560 2950 eadem
1578 2905 1682 2949 manu
1702 2887 1736 2948 in

358 2989 479 3052 codiee
510 2988 542 3049 H
577 2991 751 3052 exstiterit
783 2991 902 3054 Nomii
934 2999 969 3054 et
1000 2993 1132 3073 Neruii,
1166 2995 1270 3057 Nubit
1305 3002 1340 3058 et
1377 2986 1469 3058 Ubii.
1517 2995 1639 3074 Neque
1670 2994 1741 3056 iam

356 3095 424 3158 hoc
463 3096 540 3158 loco
582 3095 774 3160 diiudicare
812 3117 1009 3179 possumus,
1045 3108 1158 3162 utrum
1203 3106 1352 3182 utraque
1392 3102 1496 3166 lectio
1538 3119 1582 3164 ex
1619 3100 1739 3164 arche·
1830 3079 1831 3148 3

357 3207 441 3282 typo
481 3208 622 3284 sumpta
660 3205 718 3283 sit,
759 3224 804 3267 an
843 3205 957 3268 altera
993 3247 1036 3252 —
1075 3213 1110 3270 et
1150 3213 1229 3270 utra
1264 3248 1309 3257 —
1342 3209 1567 3272 coniecturae
1606 3205 1739 3270 librarii
1830 3221 1831 3300 ἐ

359 3309 490 3372 codicis
515 3309 753 3372 Hummeliani
778 3311 964 3375 debeatur:
991 3331 1100 3393 qnare
1124 3314 1166 3377 iis
1191 3333 1260 3376 non
1285 3316 1350 3378 nisi
1376 3315 1576 3378 cautissime
1601 3319 1740 3376 utamur
1830 3347 1831 3398 3

358 3416 510 3478 indolem
561 3416 692 3486 codicis
741 3418 850 3480 nostri
900 3420 1128 3482 aestimaturi.
1189 3422 1227 3484 In
1280 3423 1482 3485 universum
1527 3439 1612 3484 vero
1650 3421 1740 3483 haec

358 3528 550 3603 sequuntur
575 3541 618 3584 ex
644 3524 866 3603 inquisitione
891 3526 925 3588 in
956 3533 1179 3591 correcturas
1208 3529 1340 3592 codicis
1364 3528 1600 3591 Hummeliani
1627 3528 1737 3593 facta:

357 3631 386 3692 si
411 3630 527 3708 agitur
552 3630 595 3691 de
612 3631 748 3709 origine
770 3633 843 3694 eius
865 3651 1014 3713 eamque
1036 3635 1079 3697 ob
1101 3653 1176 3697 rem
1198 3635 1367 3716 imprimis
1390 3635 1432 3698 de
1456 3636 1497 3697 iis
1519 3635 1737 3712 lectionibus,

359 3755 446 3817 quas
471 3737 669 3800 exhibuerit
694 3737 925 3819 archetypum
951 3740 1034 3818 eius,
1060 3741 1283 3804 adhibendae
1312 3747 1392 3804 sunt
1416 3743 1524 3822 ipsius
1549 3743 1737 3804 verborum
1830 3825 1831 3838 χ

358 3848 544 3906 contextus
574 3844 742 3906 lectiones
771 3851 805 3907 et
834 3851 1060 3909 correcturae
1090 3848 1134 3909 ab
1164 3847 1238 3927 ipso
1268 3848 1412 3910 librario
1436 3849 1565 3926 factae,
1591 3848 1657 3909 nisi
1684 3845 1739 3909 nbi

358 3955 480 4030 aperte
509 3951 749 4013 coniecturam
778 3952 932 4032 aliquam
962 3952 1093 4015 addere
1121 3953 1278 4032 student;
1312 3955 1481 4018 lectiones
1510 3974 1532 4017 a
1560 3973 1666 4018 manu
1694 3952 1737 4035 Η2

359 4063 529 4119 exaratae
554 4057 755 4120 reiciendae
779 4063 868 4136 sunt,
894 4058 977 4138 quia
999 4059 1067 4121 alio
1089 4078 1133 4122 ex
1155 4060 1250 4122 fonte
1273 4060 1446 4124 deductae
1464 4051 1628 4125 videntur
1650 4079 1739 4140 esse,
1830 4071 1831 4114 1

357 4163 400 4226 de
433 4163 642 4226 lectionibus
676 4165 769 4226 'inibit'
804 4169 838 4227 et
879 4165 989 4227 umuli
1025 4171 1140 4228 utrum
1172 4166 1366 4248 archetypo
1400 4168 1595 4230 debeantur
1628 4185 1738 4231 necne

359 4269 511 4331 nondum
538 4275 686 4333 constat.

442 4393 592 4464 ,Statutis
624 4395 693 4459 liac
723 4395 859 4458 ratione
891 4396 998 4476 ipsius
1030 4397 1161 4460 codicis
1193 4397 1430 4462 Humrneliani
1462 4399 1671 4462 lectionibus
1697 4399 1738 4460 de

359 4501 493 4580 origine
518 4501 602 4580 eius²
632 4519 736 4581 quam
764 4501 894 4565 Holder
919 4501 1168 4567 Germanicam
1195 4524 1271 4568 esse
1300 4506 1489 4585 contendit,
1519 4523 1627 4585 agere
1660 4505 1741 4569 inci·
1830 4567 1831 4572 ,

358 4608 505 4689 piamus.
553 4607 606 4671 De
635 4609 704 4673 hac
732 4608 876 4672 Holderi
906 4609 1079 4691 opinione,
1110 4613 1155 4674 ab
1185 4612 1259 4692 ipso
1291 4614 1508 4693 argumentis
1540 4630 1610 4675 non
1642 4613 1739 4692 fulta,

357 4715 430 4796 egit
454 4715 555 4776 -id
587 4715 679 4796 quod
711 4715 782 4777 iam
812 4715 847 4777 in
878 4716 1098 4796 praefatione
1131 4721 1406 4782 commemoravi
1434 4759 1478 4767 —
1506 4720 1741 4782 Baehrensius

359 4821 394 4882 in
419 4820 606 4884 annalibus
627 4819 848 4884 Fleckeiseni
870 4840 961 4884 anno
983 4825 1066 4888 1880
1083 4842 1115 4903 p.
1131 4830 1194 4890 265
1211 4843 1297 4906 sqq,
1316 4827 1374 4907 qui
1391 4827 1583 4890 Holderum
1601 4831 1741 4890 secutus
1830 4861 1831 4884 t

363 4931 398 4990 et
426 4927 500 5007 ipse
525 4926 683 4991 codicem
713 4927 997 4992 Hummelianum
1026 4948 1094 4992 non
1125 4949 1170 4993 ex
1195 4933 1401 5014 apographo
1427 4933 1657 4998 Henochiano
1684 4932 1739 5014 (J),
1830 4963 1831 4984 κ

357 5034 420 5096 sed
444 5039 548 5098 reeta
567 5034 628 5098 via
651 5053 695 5098 ex
721 5034 915 5116 archetypo
940 5035 999 5098 illo
1025 5035 1236 5102 Germanico
1253 5037 1308 5121 (O)
1332 5039 1556 5104 descendisse
1579 5039 1739 5104 affirmat.
1830 5097 1831 5112 ,
