3688 5908
652 531 731 570 ,-
780 495 818 557 81
869 531 909 537 -

92 682 197 747 Taciti
224 683 269 747 de
298 687 440 771 criptae
465 687 586 750 cisitu
611 685 860 750 Germanorum
884 685 1012 750 librum
1035 685 1190 750 sedecim
1214 686 1320 767 foliis,
1344 705 1493 768 quorum

88 791 232 870 triginta
259 810 345 856 uua
371 794 526 875 paginae
550 793 727 874 scriptura
750 801 831 856 sunt
855 793 1041 874 impletae3
1066 793 1191 857 triceni
1216 794 1345 874 singuli
1369 812 1494 858 versus

86 898 119 961 in
149 898 351 982 plerisque
388 901 527 981 paginis
559 906 803 973 numerantur:
837 902 951 964 forma
979 900 1111 965 codicis
1135 918 1179 963 ea
1203 906 1256 963 est
1280 901 1493 982 quadratam

90 1023 191 1087 quam
219 1024 428 1086 vocamus;
461 1008 539 1089 ipsa
567 1007 652 1069 folia
680 1025 744 1087 per
769 1007 947 1070 terniones
971 1014 1052 1070 sunt
1075 1007 1282 1088 composita,
1308 1009 1402 1071 tertii
1427 1013 1493 1073 ter-

89 1113 198 1176 nionis
225 1113 326 1177 folia
353 1115 547 1178 novissima
570 1115 747 1194 scriptura
771 1120 905 1193 carent,
930 1114 1100 1176 nonnulla
1123 1114 1210 1176 folia
1233 1115 1388 1179 numeris
1412 1121 1494 1180 sunt

90 1220 271 1301 insignita,
302 1222 440 1303 quippe
466 1222 524 1302 qui
549 1221 754 1302 glutinatori
777 1221 853 1284 usui
875 1227 1008 1301 essent;
1034 1221 1195 1285 officinae
1216 1222 1353 1302 signum
1372 1229 1495 1286 cartae

90 1328 310 1408 impressum
342 1329 379 1391 in
404 1334 476 1390 toto
501 1329 679 1391 volumine
705 1328 796 1391 idem
827 1333 893 1392 est:
924 1329 1057 1391 trutina
1085 1329 1120 1391 iu
1150 1329 1283 1392 circulo
1312 1347 1494 1410 suspensa.

3 1505 4 1524 ἶ
92 1433 282 1516 Scriptura
312 1436 462 1498 duorum
488 1436 642 1516 priorum
669 1453 814 1516 operum
838 1435 944 1516 paulo
970 1434 1149 1517 discrepat
1170 1455 1192 1499 a
1212 1436 1390 1517 scriptura
1411 1436 1495 1500 Ger-

92 1543 246 1623 maniae,
274 1542 332 1606 ita
349 1547 388 1606 ut
404 1562 448 1606 ea
464 1544 509 1606 ab
532 1543 600 1606 alio
624 1543 766 1606 librario
788 1545 953 1607 confecta
969 1561 1046 1606 esse
1063 1543 1242 1606 videatur:
1260 1563 1279 1607 e
1296 1544 1492 1607 litterarum

74 1649 205 1730 forma-
244 1651 420 1714 conicere
455 1650 548 1729 licet,
584 1650 719 1731 scripta
753 1668 829 1712 esse
869 1650 938 1712 tria
976 1650 1038 1713 illa
1076 1651 1248 1731 opuscula
1286 1652 1350 1714 sub
1388 1652 1494 1714 finem

95 1757 228 1820 saeculi
256 1756 341 1838 XV,
372 1775 463 1838 quae
492 1757 698 1821 coniectura
721 1775 763 1820 eo
788 1757 1048 1838 comprobatur,
1074 1756 1167 1838 quod
1191 1757 1401 1838 subscriptio
1427 1757 1494 1821 De-

97 1863 308 1945 scriptionis
338 1869 455 1928 terrae
483 1871 630 1928 sanctae
659 1864 730 1946 (fol,
755 1869 856 1946 liiii)
885 1867 1036 1927 exarata
1059 1869 1113 1927 est
1137 1882 1229 1927 anno
1257 1870 1352 1931 1470.
1400 1863 1493 1945 Quin

98 1971 203 2034 etiam
221 1972 386 2052 patriam
403 1971 535 2036 codicis
552 1972 659 2034 nostri
677 1971 804 2035 finibus
821 1972 1112 2035 circumscribere
1129 1989 1323 2052 possumus:
1345 1972 1495 2053 legimus

100 2077 190 2141 enim
215 2079 256 2141 in
280 2079 340 2142 fol.
364 2084 442 2160 91¹,
469 2078 562 2160 quod
583 2079 780 2159 praefixum
802 2084 855 2142 est
874 2079 987 2160 primo
1004 2078 1087 2141 folio
1104 2076 1360 2159 Descriptionis
1378 2089 1494 2142 terrae

101 2191 262 2265 sanctae,
288 2187 381 2250 inter
401 2186 473 2249 alia
493 2185 684 2266 quisquilia
704 2191 739 2249 et
759 2186 936 2250 scribendi
961 2186 1150 2250 conamina
1171 2187 1216 2250 ab
1233 2185 1358 2249 eadem
1376 2204 1493 2265 manu,

105 2308 192 2372 quae
225 2293 512 2375 Descriptionem
544 2293 642 2356 illam
673 2293 840 2374 confecit,
873 2305 1075 2356 exaratum:
1110 2293 1179 2355 Wir
1208 2293 1381 2357 Jotaaaes
1412 2314 1497 2374 oon,-

106 2398 195 2463 uude
221 2401 384 2465 codicem
408 2401 443 2464 in
468 2400 661 2465 Germania
685 2405 799 2463 ortum
824 2419 899 2464 esse
925 2400 1099 2464 conicias:
1130 2417 1221 2481 quae
1253 2399 1385 2463 indicia
1415 2417 1496 2464 cum

108 2513 253 2588 propter
277 2507 416 2587 signum
439 2507 526 2570 illud
551 2507 684 2572 chartis
708 2507 926 2590 impressum,
952 2507 1045 2589 quod
1066 2525 1130 2590 per
1151 2512 1262 2570 toturn
1283 2507 1410 2571 librum
1428 2506 1495 2571 sibi

110 2620 257 2696 constat,
282 2616 346 2678 toti
371 2615 460 2679 libro
485 2613 668 2678 vindicare
693 2615 875 2696 possimus,
908 2613 950 2678 de
979 2614 1049 2679 hac
1073 2613 1266 2680 Germania
1289 2613 1494 2677 Monacensi

113 2720 285 2786 affirmare
317 2722 519 2804 poterimus
552 2722 722 2803 scriptam
750 2741 830 2786 eam
859 2741 935 2786 esse
964 2722 1063 2787 circa
1095 2740 1226 2785 annum
1259 2727 1353 2802 1470,
1384 2725 1429 2802 et,
1460 2724 1497 2783 ut

114 2827 259 2911 videtur,
283 2830 318 2893 in
345 2828 546 2893 Germania.

200 2987 354 3054 Contulit
369 2989 464 3054 hunc
481 2991 640 3055 codicem
657 3031 698 3038 —
716 2998 886 3073 quantum
910 2991 1075 3073 equidem
1098 2991 1315 3072 investigare
1339 2990 1437 3073 potui
1454 3029 1498 3036 —

118 3095 241 3174 primus
264 3097 511 3161 Massmannus
540 3098 575 3160 in
601 3097 754 3163 editione
778 3117 843 3162 sua
866 3098 1137 3181 (Quedlinburgi
1162 3103 1198 3162 et
1217 3098 1359 3180 Lipsiae
1383 3101 1497 3180 184i):

120 3204 298 3268 collatione
331 3204 406 3268 eius
436 3205 506 3268 iarn
531 3210 638 3270 antea
661 3205 697 3268 in
722 3205 861 3269 edenda
885 3205 1078 3271 Germania
1102 3224 1184 3269 usus
1209 3211 1262 3269 est
1286 3204 1497 3270 Gerlachius

121 3309 273 3391 (Basilice
305 3316 413 3395 1835).
461 3311 586 3377 Denuo
610 3313 705 3377 hunc
729 3312 888 3377 codicem
911 3332 949 3377 se
973 3313 1168 3395 inspexisse
1193 3312 1346 3376 affirmat
1370 3311 1497 3375 Weiss-

122 3415 273 3502 hauptius
302 3420 339 3482 in
366 3420 588 3502 praefatione
620 3419 783 3483 editionis
813 3437 899 3483 suae
928 3419 1100 3502 (Solodori
1127 3424 1223 3499 1844)
1254 3437 1336 3501 pag.
1366 3417 1496 3496 XXVI,

123 3525 177 3588 sed
195 3545 307 3591 novas
331 3528 501 3592 lectiones
525 3545 596 3591 non
620 3527 747 3592 attulit.
777 3527 893 3591 Etiam
917 3527 1090 3591 Robertus
1111 3525 1297 3606 Tagmann
1317 3526 1354 3589 in
1375 3525 1495 3588 libello

124 3631 159 3694 de
182 3633 289 3699 lucili
313 3634 519 3699 Germaniae
542 3642 717 3718 apparatu
741 3636 857 3699 critico
887 3634 1087 3716 conscripto
1118 3635 1154 3697 in
1183 3634 1252 3699 hac
1279 3632 1496 3697 Massmanni

125 3739 299 3806 collatione
335 3742 533 3824 acquievit;
566 3742 651 3824 quid
681 3742 810 3806 Mosler
845 3743 881 3804 in
912 3742 1066 3806 editione
1100 3745 1136 3805 et
1168 3741 1399 3828 translatione
1432 3757 1498 3803 sua

125 3844 262 3929 (Lipsiae
294 3854 392 3932 1862)
423 3849 493 3914 hac
525 3850 560 3912 in
591 3867 630 3913 re
664 3850 864 3930 profecerit,
897 3854 1053 3913 statuere
1087 3866 1157 3912 non
1190 3849 1298 3930 potui.
1345 3847 1497 3911 Ultimus

126 3955 269 4021 codicem
292 3957 327 4020 M
352 3957 500 4021 contulit
525 3957 668 4037 Holder,
693 3957 792 4020 cuius
817 3957 960 4021 collatio
984 3957 1078 4037 mihi,
1113 3975 1193 4021 cum
1223 3957 1299 4038 ipse
1331 3954 1373 4017 de
1402 3971 1495 4016 nexu

127 4061 189 4126 eius
210 4069 244 4127 et
265 4065 397 4129 codicis
418 4063 440 4129 S
462 4063 620 4129 iudicare
641 4064 780 4143 vellem,
803 4083 873 4127 non
894 4063 1076 4128 satisfecit.
1102 4063 1222 4144 Quare
1243 4079 1373 4126 novam
1395 4060 1498 4123 huius

128 4169 243 4235 codicis
289 4171 515 4236 collationem
554 4173 675 4236 facere
718 4171 852 4234 institui
891 4189 1041 4252 eamque
1075 4190 1146 4234 una
1185 4187 1264 4234 cum
1306 4167 1496 4232 collatione

127 4276 244 4342 codicis
267 4280 289 4344 S
313 4279 397 4344 huic
420 4279 530 4360 capiti
555 4278 679 4344 adieci.

785 4599 823 4668 S.

204 4796 321 4862 Codex
346 4798 378 4882 S,
408 4797 690 4878 stuttgartiensis
720 4795 807 4859 Hist.
829 4796 878 4859 IV
894 4808 932 4858 n⁰
948 4801 1021 4876 152,
1046 4794 1267 4874 chartaceus,
1293 4792 1497 4874 quadratus,

131 4905 269 4970 continet
292 4907 379 4970 folia
406 4911 479 4973 140.
517 4905 617 4986 Quae
642 4904 813 4985 opuscula
839 4903 1028 4983 contineat,
1054 4901 1292 4966 communicat
1315 4899 1497 4964 nobiscum

131 5008 220 5076 index
243 5015 278 5076 in
303 5014 379 5095 ipso
404 5017 607 5094 tegumento
632 5019 819 5075 exaratus:

1341 5135 1371 5182 11
