3682 5912
682 1611 958 1749 Caput
1013 1617 1396 1748 primum.

786 1863 843 1927 De
869 1863 998 1928 codice
1023 1861 1312 1929 Hummeliano.
1340 1835 1347 1856 ⁸

438 2274 558 2339 Codex
571 2273 837 2337 Hummelianus
851 2273 907 2355 (H)
925 2291 1049 2336 nomen
1069 2273 1219 2353 adeptus
1232 2278 1285 2336 est
1298 2292 1320 2336 a
1332 2273 1538 2336 Bernhardo
1552 2271 1739 2337 Friderico

351 2381 546 2446 Hmnmelio
570 2399 781 2462 possessore,
814 2380 872 2461 qui
898 2380 1030 2461 primus
1055 2380 1327 2462 descriptionem
1359 2385 1395 2442 111
1423 2381 1491 2443 illis
1516 2380 1737 2461 temporibus

349 2490 606 2554 accuratiorem
636 2495 671 2552 et
701 2488 887 2552 nonnullas
916 2488 1085 2552 lectiones
1113 2488 1215 2552 huius
1244 2489 1474 2570 manuscripti
1503 2489 1665 2570 proprias
1689 2529 1737 2537 -

349 2597 470 2661 collati
494 2614 574 2661 cum
598 2596 751 2659 editione
775 2595 1006 2673 Ditmariana„
1032 2595 1195 2660 Francos.
1221 2596 1267 2659 ad
1283 2594 1403 2660 Viadr.
1424 2601 1507 2662 1749
1532 2635 1574 2644 -
1600 2596 1736 2676 publici

349 2704 434 2766 iuris
456 2705 539 2769 iecit
560 2705 595 2766 in
617 2704 837 2768 Bibliotheca
861 2723 926 2767 sua
947 2705 1112 2767 librorum
1135 2721 1296 2766 rarorum
1318 2709 1353 2767 01
1374 2704 1547 2767 rariorum
1564 2703 1736 2785 (Norimb.

351 2816 458 2894 1776),
484 2817 576 2876 101110
601 2812 616 2874 Ι
641 2830 675 2892 p.
700 2817 764 2877 212
788 2829 878 2893 sqq.;
907 2815 1031 2892 postea
1055 2811 1153 2892 quasi
1180 2811 1438 2891 praetereundo
1467 2811 1569 2874 huius
1601 2809 1737 2874 codicis

350 2919 563 2982 mentionem
599 2920 682 2983 feeit
717 2921 752 2983 in
788 2920 1009 2983 Bibliotheca
1047 2937 1112 2982 sua
1151 2918 1400 3000 antiquitatum
1438 2918 1736 2983 Germanicarum

348 3025 515 3107 (Norimb.
544 3031 640 3108 1787)
665 3046 697 3108 p.
723 3034 776 3093 41.
819 3026 1007 3090 Η111111110111
1033 3026 1123 3089 notis
1148 3031 1184 3088 111
1208 3027 1328 3106 plures
1353 3026 1404 3088 usi
1429 3030 1510 3089 sunt
1534 3025 1602 3088 viri
1628 3025 1736 3105 docti,

348 3133 399 3195 ita
423 3133 528 3197 etiam
553 3133 578 3196 l.
604 3133 645 3196 D.
675 3134 865 3214 Longolius
897 3134 932 3196 in
963 3132 1236 3214 programmatis
1268 3133 1338 3196 suis
1370 3131 1537 3197 Taciteis:
1571 3132 1633 3196 sed
1663 3132 1735 3213 hic,

349 3258 429 3304 cum
453 3238 641 3304 Hummelii
667 3241 938 3322 descriptionem
963 3246 998 3304 et
1027 3240 1252 3304 collationem
1285 3241 1447 3304 sufficere
1479 3258 1547 3303 non
1579 3241 1734 3320 putaret,
1830 3267 1831 3283 ÷

349 3348 519 3429 equibus
542 3348 709 3413 iudicium
735 3349 777 3413 de
803 3349 908 3412 totius
932 3348 1063 3412 codicis
1087 3347 1205 3410 indole
1234 3348 1318 3410 ferri
1349 3354 1477 3429 posset,
1509 3347 1585 3429 ipse
1618 3346 1735 3410 denuo

350 3454 508 3518 codicem
539 3454 822 3520 Hummelianum
856 3456 1004 3520 contulit
1036 3457 1072 3518 in
1104 3455 1264 3536 margine
1301 3457 1513 3538 exemplaris
1550 3453 1734 3519 cuiusdam

349 3561 510 3625 editionis
534 3562 786 3628 Lottherianae
815 3564 921 3646 (Lips
949 3566 1061 3645 1509):
1091 3562 1184 3644 quod
1213 3564 1396 3644 exemplar
1425 3582 1519 3628 nunc
1547 3563 1582 3625 in
1611 3560 1734 3625 biblio-

349 3668 455 3732 theca
478 3670 622 3750 publica
645 3671 848 3734 Monacensi
873 3671 1115 3734 adservatur.l

438 3774 576 3840 Tertius
602 3777 760 3843 codicem
784 3785 940 3842 nostrum
965 3779 1113 3842 eontulit
1137 3777 1217 3843 Chr.
1243 3778 1375 3858 Selling
1404 3779 1439 3841 in
1469 3781 1732 3859 programmate
1828 3863 1829 3866 Ἴ

350 3883 406 3947 0111
450 3884 628 3965 inscripsit
669 3885 923 3949 Observationes
967 3887 1104 3949 criticae
1145 3887 1180 3948 ia
1229 3883 1261 3949 O.
1306 3883 1453 3950 Cornelii
1498 3885 1608 3948 Taciti
1650 3885 1730 3950 Ger·
1828 3873 1829 3882 ¹

346 3992 498 4055 maniam
530 3992 724 4074 (Augustae
756 3993 1018 4057 Vindelicorum
1055 4011 1148 4056 anno
1183 3998 1276 4072 1830,
1305 4011 1337 4074 p.
1368 3999 1422 4076 32)
1458 4011 1538 4058 eum
1580 3992 1731 4057 editione

348 4097 515 4162 Teuberti
538 4099 644 4181 (Lips.
674 4104 784 4181 taam:
818 4104 1009 4181 acceperat
1039 4101 1068 4162 is
1100 4100 1257 4163 codicem
1290 4098 1575 4163 Hummelianum
1605 4119 1627 4163 a
1651 4097 1729 4164 Ohr.
1827 4113 1828 4162 ἐ

349 4204 412 4268 Th.
440 4206 479 4268 A.
503 4205 773 4288 Dorfmuellero‚
806 4213 948 4288 pastore
980 4212 1014 4270 et
1045 4206 1189 4271 scholae
1218 4207 1350 4270 latinae
1379 4215 1517 4272 rectore
1542 4205 1729 4286 Weidensi‚

352 4314 411 4394 qui
435 4313 632 4377 hereditate
657 4314 751 4378 huno
776 4315 933 4378 codicem
958 4314 1175 4394 possidebat;
1208 4314 1269 4377 sed
1294 4313 1392 4379 cuius
1416 4315 1450 4376 in
1475 4314 1730 4395 possessionem

349 4425 473 4501 postea
497 4422 710 4501 pervenerit,
736 4421 920 4501 nescimus,
951 4425 985 4483 et
1014 4439 1093 4484 eam
1118 4421 1161 4484 ob
1186 4438 1260 4483 rem
1285 4421 1437 4502 suspicio
1462 4427 1541 4484 orta
1564 4426 1617 4484 est
1641 4420 1730 4482 inter
1826 4421 1827 4446 ³

350 4527 445 4590 viros
471 4527 601 4608 doctos
627 4529 773 4609 periisse
797 4529 937 4590 omnino
962 4528 1120 4592 codicem
1145 4528 1186 4591 H.

437 4634 553 4716 Atque
577 4653 615 4698 re
640 4653 728 4698 vera
752 4653 796 4698 ex
821 4635 978 4715 Sellingii
1004 4635 1219 4717 temporibus
1235 4634 1267 4698 H
1288 4635 1322 4698 in
1345 4635 1504 4716 plurimis
1521 4634 1729 4698 editionibus

350 4747 659 4818 commemoratur,
695 4741 757 4805 sed
793 4760 894 4804 nemo
930 4760 1060 4806 novam
1100 4743 1174 4806 eius
1214 4743 1299 4807 fecit
1334 4741 1575 4823 collationem,
1612 4758 1729 4806 omnes

439 4959 451 4998 1
474 4980 561 5038 quam
589 4961 775 5021 collationem
802 4962 831 5020 in
859 4981 945 5020 usum
968 4981 1066 5020 meum
1089 4963 1247 5039 exscripsit
1269 4963 1454 5038 Heisenberg
1472 4963 1592 5036 amicus,
1612 4961 1658 5020 cui
1677 4961 1729 5019 hoc

350 5049 414 5109 loco
431 5051 547 5126 gratias
571 5051 658 5109 huius
682 5069 751 5126 erga
774 5069 821 5110 me
845 5051 1066 5110 benevolentiae
1089 5071 1176 5127 agere
1201 5053 1291 5112 iuvat.
