3688 5908
881 697 953 764 AB
1081 763 1082 768 ,
1276 695 1343 763 CD

555 838 672 902 XXIV
706 847 723 903 3
794 844 954 902 enercitoiio
978 843 1030 903 MS
1199 845 1329 902 penitudo

538 945 676 1010 XXVII
709 953 724 1009 1
794 951 943 1008 obsaoaut
1199 951 1364 1009 observatur
1386 951 1437 1011 MS

554 1053 676 1117 XXIX
708 1061 726 1116 3
791 1057 921 1133 papirius
943 1057 994 1116 MS
1193 1058 1314 1133 populas

593 1159 675 1222 XLI
708 1167 724 1223 t
790 1165 907 1240 passim
929 1165 993 1222 stuc
1016 1164 1089 1226 MSd'
1195 1165 1312 1240 poemat
1336 1171 1361 1223 et
1384 1166 1448 1223 siae

560 1265 674 1330 XLIII
686 1273 724 1329 18
793 1276 935 1329 cremarat
1199 1277 1362 1329 aneatorum
1385 1272 1437 1331 MS

590 1372 683 1435 XLV
709 1381 726 1436 5
796 1378 964 1453 foratosque
987 1377 1059 1438 MSd
1199 1379 1313 1453 foratas

688 1486 727 1543 19
794 1485 895 1560 yiqaot
914 1484 964 1544 MS
1199 1485 1294 1559 piguit

566 1586 725 1650 XLVI25
795 1592 942 1668 difficilem
1201 1592 1407 1668 difficilimum
1430 1592 1482 1651 MS

686 1701 726 1756 28
795 1717 913 1774 corporo
935 1698 987 1757 MS
1200 1703 1226 1755 et
1248 1717 1368 1792 empore

436 1963 552 2043 Atque
581 1979 732 2042 parvum
763 1965 913 2025 t'ructum
942 1978 987 2023 ex
1011 1959 1064 2023 his
1088 1959 1262 2024 indicibus
1286 1961 1422 2041 percipi
1448 1961 1634 2026 dolendum
1661 1969 1735 2027 est:

346 2068 511 2152 quamvis
535 2069 627 2131 enim
652 2069 687 2129 in
714 2069 915 2130 universum
939 2066 1080 2130 codices
1106 2071 1243 2130 nostros
1266 2067 1379 2145 magis
1409 2068 1454 2130 ad
1484 2068 1645 2133 codicum
1672 2069 1734 2134 CD

347 2176 519 2240 lectiones
558 2174 730 2237 inclinare
767 2174 940 2255 videmus,
981 2179 1100 2236 tamen
1135 2173 1199 2236 bos
1234 2175 1326 2237 solos
1361 2174 1458 2238 locos
1493 2185 1634 2240 secutus
1672 2195 1738 2240 eos

345 2283 469 2364 generi
494 2281 553 2346 CD
579 2281 744 2346 addicere
769 2301 839 2345 non
864 2282 1024 2363 audeam,
1050 2282 1133 2362 quia
1158 2301 1266 2364 supra
1290 2283 1358 2345 iam
1385 2283 1552 2362 vidimus,
1578 2283 1613 2345 in
1640 2290 1734 2346 utro-

346 2407 415 2471 que
440 2389 563 2454 codice
588 2390 757 2482 lectiones
781 2407 800 2452 e
825 2388 1004 2453 codicibus
1028 2388 1087 2451 AB
1112 2389 1240 2470 petitas
1265 2390 1406 2453 minime
1433 2390 1564 2453 deesse.
1610 2389 1738 2471 Quare·

345 2500 466 2561 iacere
491 2496 561 2559 iam
585 2515 655 2559 non
680 2496 881 2577 poterimus,
906 2496 990 2577 quin
1014 2503 1050 2559 et
1073 2496 1232 2560 codicem
1249 2495 1282 2558 M
1304 2502 1339 2560 et
1361 2496 1520 2561 codicem
1537 2496 1559 2560 S
1575 2514 1733 2577 maguae

345 2604 396 2667 illi
420 2603 576 2666 familiae
601 2603 762 2666 codicum
788 2603 999 2666 deteriorum
1023 2602 1228 2683 tribuamus,
1250 2603 1309 2684 qui
1331 2603 1502 2668 lectiones
1518 2621 1563 2666 ex
1580 2609 1738 2684 utroque

345 2710 509 2776 codicum
532 2726 663 2787 genere
688 2710 817 2772 mixtas
841 2709 1019 2772 exhibent.
1066 2709 1110 2771 Et
1134 2709 1200 2773 hoc
1224 2727 1311 2773 sane
1335 2709 1516 2773 lucramur
1544 2728 1588 2772 ex
1612 2710 1737 2775 indice·

344 2825 475 2897 nostro,
502 2821 538 2879 ut
564 2815 756 2892 videamus,
782 2815 954 2897 quomodo
979 2816 1113 2879 factum
1137 2816 1190 2896 sit,
1217 2821 1254 2878 ut
1277 2815 1410 2880 Holder
1435 2821 1470 2880 et
1493 2815 1733 2880 Baehrensius

344 2924 486 2989 codices
513 2928 649 2986 nostros
680 2923 833 2986 melioris
864 2927 969 2986 notae
1002 2941 1077 2986 esse
1110 2929 1315 2986 censerent:
1347 2941 1429 2986 nam
1463 2924 1623 2986 omnibus
1654 2931 1736 2986 tere

345 3011 442 3111 locis,
464 3031 523 3093 ubi
545 3029 579 3092 M
601 3037 636 3092 et
656 3029 678 3094 S
700 3030 923 3093 consentiunt
944 3047 1023 3093 cum
1045 3030 1157 3092 altero
1183 3029 1344 3094 codicum
1368 3029 1573 3093 Italicorum
1597 3048 1736 3110 genere·

344 3144 471 3204 contra
499 3137 660 3217 alterum,
692 3154 771 3199 eam
803 3137 937 3217 eligunt
967 3135 1166 3216 lectionem,
1199 3154 1290 3217 quae
1322 3135 1425 3200 hodie
1457 3154 1597 3218 quoque
1629 3137 1738 3200 nobis¹

344 3245 459 3326 magis
490 3244 627 3325 placet:
659 3243 752 3325 quod
782 3245 866 3306 item
896 3245 931 3305 in
964 3242 1086 3306 codice
1110 3246 1130 3308 ὸ·
1153 3243 1287 3307 factum
1319 3261 1396 3306 esse
1425 3243 1638 3306 monendum
1663 3243 1732 3306 fuit

345 3352 445 3417 nobis
470 3356 505 3415 et
530 3351 597 3415 hoc
621 3351 737 3415 indice
761 3351 997 3415 confirmatur.
1046 3349 1178 3414 Contra
1202 3368 1313 3413 novas
1338 3351 1508 3414 lectiones
1534 3369 1556 3413 a
1579 3350 1739 3430 vulgata,

345 3461 589 3540 discrepantes
613 3476 682 3520 non
707 3458 885 3538 exhibent,
902 3475 990 3539 quas
1007 3463 1068 3520 aut
1085 3462 1123 3520 ut
1139 3457 1301 3538 proprias
1318 3463 1353 3520 et
1369 3457 1542 3538 ingenuas
1559 3457 1731 3521 lectiones

345 3572 408 3631 aut
436 3570 474 3627 ut
506 3565 670 3645 egregias
698 3565 961 3628 emendationes
992 3565 1104 3627 textui
1135 3565 1287 3644 inseras3
1321 3572 1357 3628 et
1392 3569 1427 3626 ut
1461 3563 1514 3627 bis
1548 3563 1739 3628 codicibus.

344 3672 486 3737 omnino
519 3672 636 3735 locum
664 3672 700 3734 in
729 3677 827 3735 textu
852 3671 1064 3735 Germaniae
1093 3672 1337 3736 constituendo
1362 3689 1433 3734 non
1462 3671 1607 3751 tribuas,
1638 3688 1729 3734 com-

343 3778 544 3844 moveberis
573 3779 746 3842 indicibus
771 3779 896 3842 nostris
919 3796 1000 3859 pag.
1030 3783 1206 3844 lta—115
1235 3778 1467 3855 exstantibus
1499 3777 1669 3858 equibus
1694 3787 1731 3840 et

344 3885 503 3951 codicem
532 3884 567 3946 M
595 3893 630 3947 et
664 3884 822 3948 codicem
847 3883 869 3948 S
893 3884 981 3947 adeo
1007 3889 1211 3964 corruptum
1236 3889 1342 3966 atque
1366 3884 1619 3965 interpolatum
1649 3902 1736 3947 esse

344 3996 505 4074 apparet,
536 3999 572 4053 ut
602 3992 644 4054 de
672 3991 713 4053 iis
745 3991 781 4053 in
809 3995 1021 4072 apparatum
1050 3991 1210 4054 criticum
1239 3991 1451 4073 recipiendis
1479 4008 1557 4054 meo
1587 3990 1729 4072 quidem

343 4099 474 4164 iudicio
499 4099 649 4178 cogitari
673 4116 743 4160 non
766 4098 885 4179 possit.

433 4259 501 4324 Sed
526 4258 569 4320 de
594 4258 716 4322 codice
733 4257 766 4338 S,
788 4257 948 4322 absoluto
965 4258 1034 4320 iam
1052 4257 1088 4319 in
1105 4257 1310 4319 universum
1327 4256 1445 4337 capite
1463 4262 1592 4335 nostr0,
1612 4273 1739 4337 pauca,

343 4367 476 4432 addere
507 4365 592 4427 mibi
623 4365 739 4445 liceat,
772 4383 863 4446 quae
889 4369 925 4426 ut
949 4365 1172 4428 coniecturas
1203 4363 1308 4444 paulo
1341 4381 1459 4444 supra,
1493 4380 1573 4426 cum
1603 4362 1646 4426 de
1671 4381 1730 4426 ex-

342 4475 473 4538 teriore
509 4471 641 4535 codicis
676 4471 785 4534 nostri
820 4471 943 4535 babitu
978 4488 1122 4551 agerem
1154 4477 1198 4551 (p.
1224 4476 1265 4536 82
1290 4475 1395 4552 sqq),
1429 4470 1536 4533 certis
1569 4469 1728 4533 inserere

343 4581 518 4644 nolebam.
544 4577 826 4643 Commemoravi
847 4579 904 4658 ibi,
925 4577 1130 4658 Augustalis
1152 4577 1371 4640 Beneveuuti
1393 4576 1558 4640 historias
1583 4575 1730 4639 desiisse

343 4704 437 4750 anno
466 4691 548 4751 1439
578 4693 613 4747 et
641 4702 686 4747 ex
710 4685 853 4748 Aeneae
881 4684 1045 4750 Senensis
1079 4684 1169 4747 notis
1202 4684 1392 4764 perductas
1427 4702 1504 4747 esse
1538 4700 1648 4764 usque
1683 4683 1728 4746 ad

342 4810 475 4858 annum
502 4798 596 4870 1457,
626 4789 720 4873 quod
748 4792 1029 4872 supplementum
1060 4790 1191 4871 primos
1217 4789 1388 4855 Friderici
1413 4790 1466 4854 ΠΙ
1496 4808 1607 4853 annos
1637 4807 1729 4853 corn-

342 4899 519 4982 plectitur.
568 4898 635 4978 Qui
660 4899 800 4961 Aeneas
824 4897 986 4962 Senensis
1019 4898 1218 4960 notissimus
1250 4906 1302 4961 est
1332 4897 1392 4961 ilie
1421 4897 1562 4961 Aeneas
1585 4895 1738 4977 Sylvius.

341 5005 581 5084 Piccolomini,
600 5005 658 5086 qui
675 5011 799 5085 postea
815 5004 973 5085 pontifex
988 5003 1161 5066 maximus
1178 5004 1243 5066 fuit
1259 5005 1323 5067 sub
1339 5003 1481 5067 nomine
1495 5003 1545 5066 Pii
1560 5001 1713 5068 Secundi
1721 5028 1736 5068 :.
